1825 3202
689 215 973 252 *17—

80 338 274 380 ostendat
304 350 412 391 quae
443 336 621 379 mirabili
651 337 721 378 illo
753 336 850 378 vino
881 337 1098 378 Maronico
1131 336 1366 379 efficiantur
1396 338 1438 378 in
1461 337 1585 390 Poly—

78 406 286 459 phemum.

193 474 276 517 Sed
314 474 356 516 in
393 487 443 516 ea
474 487 518 516 re
550 473 774 526 Euripides
807 471 1043 526 Odyssean]
1077 473 1278 527 sequitur,
1313 474 1422 528 quod
1455 476 1584 516 totam

78 540 262 584 fabulam
280 543 320 584 in
338 544 480 595 partes
497 543 601 584 duas
624 541 847 584 distribuit.
894 541 1038 583 Prima
1059 541 1167 583 enim
1185 554 1339 583 scaena
1356 541 1586 594 Euripidea

79 609 189 665 (ΟΨ.
212 609 408 666 1—192),
426 623 533 664 quae
554 610 694 662 agitur
715 610 957 663 priusquam
978 610 1264 663 Polyphemus
1286 610 1377 663 ipse
1398 610 1583 663 intravit,

78 679 269 721 versibus
303 679 379 721 OcI.
412 694 422 719 ι
455 682 677 721 105—230
709 678 951 731 respondet;
984 691 1082 731 pars
1114 678 1247 720 altera
1278 678 1374 720 inde
1405 691 1429 720 a
1462 691 1583 720 versu

81 752 160 789 193
194 761 326 802 usque
356 748 410 790 ad
440 748 559 790 finem
592 745 706 802 (Cye.
731 746 973 803 193—702)
1006 746 1195 789 versibus
1229 746 1305 788 Ocl.
1326 761 1338 788 ι
1359 751 1583 788 231-566

77 818 314 871 respondet.

193 885 392 928 Similiter
423 887 560 927 autem
595 886 721 938 atque
751 884 794 925 in
826 881 1022 937 Odyssea
1059 886 1223 926 antrum
1263 897 1414 938 greges
1447 885 1584 927 victus

78 952 276 1007 Cyclopis
298 953 350 996 ab
372 953 575 1006 Euripide
597 952 809 1006 descripta
830 954 939 996 sunt.
990 952 1129 995 Aulae
1160 953 1268 996 enim
1301 967 1353 995 ex
1374 953 1584 1007 lapidibus

75 1025 118 1064 et
147 1023 272 1075 lignis
303 1022 493 1076 pinorum
526 1034 837 1075 quercuumque
869 1023 1136 1064 constructae
1167 1021 1264 1077 (Ocl.
1297 1038 1307 1062 ι
1341 1023 1582 1078 184—186)

74 1090 199 1133 etiam
247 1091 379 1144 satyri
425 1090 674 1132 mentionem
722 1089 882 1132 faciunt
926 1103 1098 1144 gregem
1135 1090 1328 1135 iubentes
1365 1092 1407 1134 in
1445 1092 1583 1135 aulam

73 1159 230 1202 intrare
260 1158 372 1214 (Gyc.
405 1157 496 1214 60):

515 1251 572 1298 εἰς
604 1251 725 1290 αὐλάν
758 1249 839 1290 ποτ’
872 1250 1118 1307 ἁμφιβαλεῖςζ

75 1344 204 1385 Porro
235 1356 368 1396 agnos
398 1356 480 1385 non
512 1356 595 1386 una
626 1357 718 1386 cum
756 1343 1002 1397 parentibus
1039 1346 1184 1398 pastos
1221 1359 1326 1398 esse,
1366 1346 1440 1388 sed
1473 1347 1583 1389 domi

73 1413 324 1455 remansisse
355 1411 450 1466 (Od.
484 1427 494 1452 ι
524 1411 781 1466 219—222),
814 1412 912 1455 item
945 1413 1057 1466 apud
1079 1413 1324 1468 Euripidem
1346 1415 1582 1458 invenimus

74 1481 185 1536 (Cyc.
220 1480 425 1537 57—59):

513 1575 558 1617 ἃς
589 1573 726 1617 λείπεις
758 1575 881 1629 ἀρνῶν
913 1574 1115 1627 θαλάμοις.

512 1643 670 1683 ποθοῦσί
702 1642 735 1682 σ’
770 1644 999 1700 ἁμερόκοιτοι

514 1712 655 1768 βλαχαὶ
686 1718 851 1769 σμικρῶν
882 1716 1034 1756 τεκέων.

73 1805 262 1847 Fuerunt
291 1808 511 1858 praeterea
542 1806 663 1858 agnis
695 1808 737 1847 et
766 1806 809 1848 in
841 1805 983 1848 fabula
1004 1806 1199 1849 scaenica
1226 1806 1393 1850 stabula
1412 1807 1582 1862 propria

72 1886 97 1915 a
118 1886 247 1926 grege
269 1876 438 1926 remota,
457 1887 507 1916 ac
528 1874 661 1927 satyri
679 1887 778 1917 oves
796 1874 996 1917 femineas
1013 1876 1234 1917 hortantur
1249 1873 1361 1930 (Cyc.
1380 1876 1580 1931 55—56),

73 1944 119 1984 ut
154 1942 196 1984 in
236 1942 384 1985 uberes
420 1943 558 1996 pullos
595 1943 814 1996 recipiant,
853 1957 960 1998 quae
998 1957 1098 1986 cura
1128 1944 1388 1998 Polyphemo
1426 1945 1507 1999 ipsi
1537 1946 1581 1989 in

73 2010 269 2065 Odyssea
299 2011 494 2054 tribuitur
526 2011 622 2067 (Ocl.
655 2028 665 2053 ι
694 2016 790 2065 245,
824 2017 920 2065 309,
954 2013 1073 2068 342):

346 2149 568 2160 ......
603 2117 663 2157 καὶ
696 2116 753 2157 ὑπ’
787 2116 946 2173 ἔμβρυον
978 2119 1070 2171 ἡκεν
1102 2116 1258 2171 ἑκαστῃ.

72 2219 246 2261 Homeri
295 2223 434 2262 autem
481 2221 610 2263 verba
659 2222 806 2262 οὔθατα
850 2223 920 2278 γάρ
968 2226 1225 2278 σφαραγεῦντο
1277 2221 1373 2276 (Ocl.
1421 2238 1430 2262 ι
1476 2223 1578 2278 440)

72 2288 297 2341 Euripides
317 2289 506 2332 imitatur
527 2291 665 2333 verbis
687 2296 931 2349 σπαργῶντας
962 2293 1128 2345 μαστούς
1149 2290 1261 2346 (Cyc.
1281 2291 1365 2347 55).
1414 2294 1579 2336 Deinde

72 2357 298 2411 Euripides
344 2360 455 2412 quod
500 2359 620 2413 fingit
666 2360 894 2415 Cyclopem
944 2362 1036 2404 vino
1074 2361 1291 2404 Maronico
1337 2361 1578 2406 dulcissimo

71 2426 243 2480 ebrium,
266 2428 494 2470 Homerum
516 2429 718 2482 sequitur,
741 2430 813 2484 qui
843 2430 945 2472 illud
971 2430 1112 2472 vinum
1136 2430 1179 2472 in
1203 2429 1279 2472 Od.
1312 2445 1322 2471 ι
1355 2435 1577 2475 196-216

70 2496 237 2549 longius
267 2497 348 2540 hoe
378 2496 499 2539 modo
531 2497 747 2541 describit:

391 2634 398 2642 .
439 2601 533 2658 ἀτάρ
568 2601 687 2655 αἴγεον
721 2602 835 2642 ἀσκὸν
868 2602 954 2658 ἕχον
988 2603 1153 2656 μέλανος
1185 2604 1291 2644 οἴνοιο

344 2670 468 2724 ἡδέος,
502 2671 542 2710 ὃν
575 2686 634 2724 μοι
666 2671 783 2712 &Bi->ne
817 2671 962 2729 Μάρων
991 2669 1197 2719 Ἐυανθεος
1230 2674 1318 2723 υἱός,

346 2739 443 2797 ἱρεὺς
469 2737 732 2788 Ἀπόλλωνος,
766 2742 807 2787 ὃς
829 2740 1008 2799 Ἴσμαρον
1042 2743 1323 2800 ἀμφιβεβήκειν,

346 2810 479 2850 οὔνεκα
511 2826 568 2864 μιν
602 2810 667 2851 σὺν
701 2812 797 2852 παιδὶ
829 2812 1070 2868 περισχόμεθ’
1105 2812 1173 2868 ᾐδὲ
1204 2815 1343 2867 γυναικὶ

1395 2885 1415 2918 2
