1825 3202
90 329 218 374 Creta
263 332 540 375 condiderunt
586 332 725 374 vinum
767 346 905 375 secum
946 337 1176 387 portantes.
1239 335 1334 389 Qua
1371 349 1423 377 ex
1460 336 1597 379 insula

89 401 250 443 incolae
280 401 423 456 vinum
456 400 689 454 vitiumque
722 402 927 444 culturam
961 402 1142 445 ferentes
1180 407 1384 446 venerunt
1415 405 1594 457 Naxum,

89 470 239 512 deinde
285 468 448 522 Chium,
498 469 606 511 unde
651 469 694 510 in
741 471 963 521 Thraciam
1010 472 1089 513 iter
1134 472 1246 514 haud
1292 474 1461 525 longum
1503 474 1594 516 fuit.

90 539 255 581 Deinde
287 540 438 581 multos
469 540 565 591 post
597 550 728 580 annos
763 538 953 591 fortasse,
988 541 1116 583 multo
1148 544 1288 583 tamen
1324 542 1439 593 prius
1472 555 1595 595 quam

91 608 275 650 carmina
306 608 425 661 epica
457 607 688 660 composita
725 610 834 659 sunt,
869 607 963 650 Chii
995 610 1129 651 coloni
1166 610 1209 651 in
1240 610 1444 652 Thraciae
1483 623 1595 652 oram

91 677 260 718 deducti
277 689 430 719 novum
448 676 605 718 cultum
622 675 767 717 Liberi
790 677 975 718 tulerunt
998 678 1049 718 ad
1072 678 1242 729 incolas,
1267 678 1337 731 qui
1355 678 1595 730 Apollinem

91 747 215 787 antea
246 745 566 787 venerabantur.
613 743 697 786 Sed
730 744 899 786 difficile
931 749 995 787 est
1017 746 1129 788 dictu
1156 746 1405 798 accuratius,
1430 748 1596 800 quando

91 827 141 856 ac
171 827 253 868 quo
274 814 396 856 modo
418 814 575 867 Apollo
607 816 648 855 et
679 814 874 855 Bacchus
907 827 988 855 uno
1010 815 1100 856 loco
1124 815 1225 856 culti
1256 815 1352 856 sint.
1415 816 1478 856 At
1509 828 1596 857 mos

91 888 192 935 erat,
240 885 285 925 ut
330 883 381 925 de
426 882 727 936 posterioribus
773 883 921 924 saltem
968 883 1225 935 temporibus
1272 884 1471 925 traditum
1519 886 1594 936 est,

91 952 247 994 colonis
279 951 456 994 Graecis
488 964 737 993 conservare
768 952 925 1004 templa
956 952 1231 1005 regionesque
1263 952 1351 993 deis
1383 965 1524 994 sacras
1555 953 1597 994 in

91 1021 271 1063 hostium
317 1021 439 1063 terris
484 1023 707 1074 postquam
753 1020 911 1062 alienos
957 1021 1133 1073 populos
1180 1020 1448 1073 subegerunt.
1511 1020 1597 1063 Cur

91 1090 199 1131 enim
230 1089 319 1131 fieri
349 1102 431 1132 non
461 1092 602 1142 potest
633 1091 679 1130 ut
700 1089 860 1131 Bacchi
892 1089 1073 1130 cultores
1096 1089 1137 1130 in
1159 1089 1359 1142 templum
1384 1090 1596 1143 Apollinis

91 1159 152 1201 sic
183 1158 341 1211 recepti
372 1158 456 1200 sint
487 1160 529 1200 et
558 1160 606 1199 ut
636 1158 725 1199 eius
757 1158 903 1210 religio
925 1157 1238 1210 praevaluerit?
1286 1158 1453 1199 Etenim
1477 1158 1599 1200 facile

92 1230 156 1270 est
205 1228 439 1279 intellectu,
501 1240 581 1280 quo
631 1229 756 1279 pacto
808 1227 953 1279 templi
1003 1227 1137 1268 servis
1188 1228 1334 1268 saltem
1388 1240 1600 1269 remanere

90 1297 267 1349 licuerit,
300 1309 392 1339 cum
426 1295 715 1338 sacerdotibus
747 1308 849 1337 sane
879 1308 961 1338 non
993 1295 1170 1338 licuerit.
1233 1295 1317 1337 Sed
1355 1296 1478 1337 etiam
1510 1295 1599 1337 fieri

91 1368 231 1419 potest
261 1368 308 1407 ut
339 1364 434 1408 Chii
464 1365 609 1407 Liberi
646 1365 827 1407 cultores
865 1364 906 1406 in
943 1377 1061 1417 pace,
1095 1377 1179 1406 non
1216 1364 1336 1406 bellis
1368 1365 1512 1417 gestiS,
1547 1365 1599 1406 ad

91 1435 278 1477 Thracas
323 1447 478 1477 novum
525 1435 681 1476 cultum
728 1433 901 1475 tulerint
946 1446 1056 1475 nova
1106 1446 1227 1475 sacra
1279 1446 1349 1475 eos
1401 1434 1599 1475 docentes

91 1504 300 1557 gradatim
331 1517 406 1556 per
436 1506 602 1556 tempus
633 1504 818 1555 longum.
865 1504 1018 1556 Itaque
1039 1503 1173 1554 Maro,
1207 1502 1278 1555 qui
1310 1502 1418 1543 filius
1440 1502 1601 1544 Bacchi

94 1572 335 1625 vocabatur,
369 1573 492 1614 etiam
526 1572 722 1614 sacerdos
755 1571 968 1624 Apollinis
1001 1584 1093 1613 esse
1124 1573 1303 1623 poterat,
1343 1573 1384 1612 et
1417 1570 1599 1612 vicissim

92 1643 224 1684 altera
270 1655 386 1695 gens,
434 1654 542 1695 quae
589 1641 831 1694 Apollinem
878 1641 1077 1692 coluerat,
1126 1639 1257 1681 veluti
1305 1639 1467 1692 Satrae,
1518 1653 1599 1681 non

91 1711 237 1763 invita,
269 1711 344 1753 sed
375 1723 451 1752 sua
481 1711 630 1763 sponte
662 1722 813 1751 novum
849 1709 933 1750 vini
965 1709 1087 1750 deum
1119 1709 1161 1750 in
1183 1709 1382 1761 ternplum
1416 1709 1601 1761 recipere

93 1782 219 1834 atque
257 1780 402 1822 eodem
439 1782 627 1832 tempore
663 1778 804 1832 aliqua
841 1791 962 1820 sacra
1000 1790 1204 1831 usumque
1242 1778 1502 1820 oraculorum
1535 1777 1601 1818 dei

93 1849 273 1891 retinere
302 1850 470 1902 poterat
500 1848 665 1890 nomine
697 1849 869 1890 mutato.

207 1917 291 1961 Sed
323 1920 368 1960 ut
398 1917 685 1970 regrediamur
707 1917 759 1958 ad
781 1929 866 1958 rem
889 1916 1036 1969 ipsam,
1060 1916 1286 1969 Euripides
1309 1927 1400 1956 cum
1426 1914 1602 1956 Marone

92 1987 275 2030 conectit
296 1987 495 2039 Silenum,
520 1986 678 2028 Bacchi
709 1985 914 2037 comitem,
938 1985 1009 2039 qui
1036 1985 1178 2027 statim
1212 1984 1398 2026 meminit
1429 1996 1474 2025 se
1505 1983 1601 2024 olim

92 2055 294 2099 infantem
338 2068 512 2109 puerum
550 2054 758 2097 bracchiis
796 2067 922 2106 saepe
961 2055 1170 2095 tenentem
1210 2052 1457 2094 educavisse
1489 2051 1601 2106 (Cyc.

96 2123 353 2180 141—142):

367 2192 445 2235 ΟΔ.
480 2194 542 2234 καὶ
574 2193 647 2246 μὴν
681 2192 827 2248 Μάρων
861 2207 920 2244 μοι
951 2189 1050 2244 πῶμ’
1086 2190 1215 2238 ἔδωκε,
1249 2194 1334 2234 παῖς
1368 2190 1468 2230 θεοῦ.

368 2264 461 2305 ΣΕΙ.
497 2265 536 2304 ὃν
569 2257 759 2319 ἐξέθρεψα
791 2260 907 2302 ταῖσδ’
942 2262 1016 2315 ἐγώ
1048 2259 1127 2301 ποτ’
1164 2260 1364 2314 ἀγκάλαις

369 2333 446 2375 ΟΔ.
483 2336 500 2374 ὁ
535 2335 696 2389 Βακχίου
728 2338 825 2378 παῖς,
860 2331 913 2377 ὡς
944 2333 1176 2387 σαφέστερον
1210 2330 1352 2383 μάθῃς,

97 2410 227 2453 Cuius
274 2411 360 2453 vini
405 2412 572 2464 plenum
610 2410 652 2451 in
691 2407 887 2461 Odyssea
924 2407 1072 2449 Ulixes
1119 2418 1313 2458 magnum
1361 2403 1537 2445 culleum
1581 2415 1603 2442 e

96 2480 196 2522 navi
233 2482 510 2533 transportat,
550 2492 673 2532 quarn
712 2477 991 2520 narrationem
1030 2475 1256 2528 Euripides
1293 2473 1492 2522 imitatur,
1531 2470 1604 2512 sed

95 2549 157 2590 ita
188 2550 497 2600 commutatam,
532 2551 576 2589 ut
613 2547 772 2589 culleus
809 2545 942 2598 primo
975 2544 1129 2595 Sileno,
1167 2545 1316 2595 postea
1351 2540 1604 2593 Polyphemo

98 2617 262 2659 oblatus
294 2617 437 2658 divina
468 2616 647 2670 quadam
681 2615 722 2656 vi
754 2616 902 2656 auctus
926 2626 973 2654 eo
995 2613 1089 2665 plus
1115 2611 1199 2652 vini
1220 2609 1422 2663 praebere
1444 2608 1608 2649 dicatur

100 2699 181 2739 quo
212 2687 308 2738 plus
330 2699 383 2727 ex
405 2699 452 2727 eo
474 2686 671 2726 haustum
695 2683 762 2725 sit.
811 2682 882 2724 Sic
903 2681 1024 2732 enim,
1048 2680 1083 2722 si
1104 2682 1201 2732 post
1223 2691 1388 2720 versum
1414 2681 1492 2718 146
1516 2688 1608 2718 cum

100 2754 365 2796 Kirchhoffio
396 2754 590 2795 lacunam
623 2752 797 2793 duorum
829 2750 894 2791 vel
926 2749 1106 2802 plurium
1138 2747 1367 2789 iamborum
1400 2745 1605 2798 ponimns,

100 2836 263 2864 versum
301 2827 377 2865 147
414 2821 636 2863 verisimile
668 2823 732 2861 est
762 2808 1118 2870 interpretandum
1153 2829 1263 2858 esse:
