1825 3202
67 322 194 364 Hunc
223 322 277 364 ad
307 321 430 364 finem
462 320 626 363 fabulas
658 321 810 362 multas
842 320 1001 363 recoxit
1034 322 1157 372 totas,
1187 319 1337 373 quibus
1368 319 1570 372 imprimis

65 391 188 436 πάθος
218 391 447 433 humanum
484 391 747 440 monstraret,
787 401 880 431 cum
918 390 1083 430 veteres
1122 390 1271 441 poetae
1302 388 1442 440 potius
1474 388 1572 442 ἦθος

65 460 276 503 hominum
323 460 617 503 ostendissent.
687 459 808 501 Unde
848 459 1139 511 intellegemus
1185 458 1429 510 Euripidem
1478 470 1570 500 cum

67 530 256 582 mythum
295 527 542 582 Cyclopium
581 528 634 570 ad
671 519 854 570 fabulam
893 527 1091 569 comicam
1135 527 1462 580 componendam
1503 527 1571 567 de-

66 599 238 651 legeret,
271 610 521 652 quamquam
553 597 792 639 narratione
823 596 1049 638 Homerica
1087 595 1295 647 utebatur,
1328 597 1467 637 tamen
1500 596 1573 636 aut

67 667 298 709 Hesiodum
344 668 532 709 secutum
580 678 672 708 esse
718 667 760 707 et
796 667 943 718 poetas
979 677 1123 716 nOVOS,
1157 666 1202 706 nt
1233 663 1463 716 Cratinum,
1502 663 1574 717 qui

68 735 236 779 fabulae
282 734 511 789 Cyclopiae
555 747 687 777 novas
733 746 799 776 res
846 734 1041 775 videntur
1086 733 1312 785 addidisse,
1352 735 1437 784 aut,
1476 745 1577 774 sane

67 804 231 858 legibus
263 804 467 847 scaenicis
498 816 625 856 saepe
658 805 861 855 coactum,
884 803 1092 855 permulta
1122 803 1256 855 ipsum
1289 801 1577 844 immutavisse

69 876 112 917 et
155 873 380 917 novavisse
425 886 549 927 quam
595 872 743 914 habuit
788 871 1015 914 materiem.
1093 871 1277 913 Difficile
1328 871 1434 912 enim
1489 872 1579 912 erat

69 956 240 996 gravem
271 942 551 985 narrationem
585 941 743 994 epicam
778 941 819 982 in
851 941 1038 982 actiones
1070 940 1251 982 comicas
1283 940 1342 981 ita
1374 940 1576 992 digerere,

69 1013 116 1054 ut
147 1012 300 1064 dignae
330 1011 574 1054 viderentur
606 1023 713 1064 quae
744 1010 786 1051 in
819 1010 984 1052 scaenis
1016 1012 1253 1062 agerentur.

183 1081 331 1135 Atque
361 1080 606 1134 priusquam
644 1092 693 1121 ea
731 1092 838 1132 quae
877 1078 919 1120 in
959 1077 1102 1120 fabula
1134 1078 1367 1131 Euripidea
1398 1078 1582 1130 aguntur

69 1162 163 1192 cum
193 1150 434 1192 narratione
456 1149 683 1192 Homerica
714 1160 1015 1200 comparemus,
1039 1148 1260 1189 nonnullas
1292 1160 1357 1188 res
1390 1147 1579 1199 singulas

70 1218 328 1272 proferemus
360 1218 511 1272 quibus
542 1220 692 1271 poetae
725 1219 797 1258 aut
829 1216 1070 1268 discrepant
1101 1218 1174 1258 aut
1206 1216 1485 1257 consentiunt.

186 1286 395 1341 Cyclopes
427 1287 534 1329 enim
558 1285 773 1328 Homerici
805 1297 897 1327 cum
921 1285 1158 1336 Hesiodeis,
1192 1285 1263 1338 qui
1294 1285 1386 1326 Iovi
1415 1283 1582 1336 fulgura

72 1357 298 1399 conficiunt
335 1358 462 1410 atque
499 1354 707 1398 officinam
746 1353 823 1395 sub
861 1353 1006 1395 Aetna
1044 1355 1182 1395 monte
1214 1353 1378 1395 ardenti
1409 1353 1578 1404 habent,

71 1438 163 1468 cum
210 1425 575 1478 coniungerentur,
623 1422 779 1465 factum
827 1424 891 1464 est
936 1424 982 1463 ut
1028 1435 1052 1463 a
1089 1422 1390 1464 recentioribus
1429 1422 1577 1475 poetis,

71 1496 188 1537 velut
218 1494 270 1537 ab
301 1493 518 1547 Euripide,
551 1492 804 1535 domicilium
838 1491 1088 1544 Polyphemi
1127 1491 1299 1545 eiusque
1332 1491 1505 1533 fratrum
1538 1491 1578 1532 in

71 1563 216 1607 Sicilia
246 1563 383 1605 insula
413 1564 650 1616 poneretur,
674 1561 783 1615 quod
809 1561 1016 1602 Homerus
1047 1560 1087 1601 in
1120 1561 1358 1602 narratione
1391 1560 1581 1602 fabulosa

71 1646 154 1676 non
185 1631 451 1685 significavit.
514 1631 663 1674 Ulixes
694 1627 803 1672 eniin
831 1629 957 1671 Troia
987 1628 1201 1681 profectus
1234 1629 1343 1682 quod
1376 1629 1454 1670 itor
1485 1642 1580 1670 con-

73 1701 220 1745 fecerit
249 1700 314 1742 his
345 1699 485 1742 verbis
516 1699 607 1752 ipse
639 1699 831 1752 depingit
861 1697 956 1753 (Ocl.
991 1713 1000 1737 ι
1032 1702 1235 1751 77-81);

279 1780 401 1827 ἱστοὺς
432 1785 659 1835 στησάμενοι
692 1783 762 1820 ἀνα
797 1780 832 1820 θ’
866 1780 961 1820 ἱστία
993 1779 1096 1819 λεύκ’
1132 1779 1331 1836 ἐρύσαντες

278 1853 421 1908 ἥμεθα,
455 1853 522 1897 τὰς
553 1851 584 1892 δ’
619 1853 757 1904 α’νεμός
788 1866 828 1891 τε
860 1850 1082 1907 κυβερνῆταί
1113 1849 1144 1890 τ’
1177 1851 1317 1890 ἴθυνον.

278 1924 339 1963 καί
369 1923 411 1963 νύ
443 1938 505 1963 κεν
539 1922 718 1976 ἀσκηθὴς
751 1922 884 1975 ἱκόμην
918 1922 956 1966 εἐ,
988 1922 1147 1978 πατρίδα
1177 1926 1298 1974 γαῖαν·

280 1995 385 2034 ἀλλα
417 2009 464 2048 με
494 1999 594 2048 κῦμα
628 1995 714 2049 ῥόος
745 2008 784 2032 τε
816 1997 1133 2049 περιγνάμπτοντα
1166 1992 1341 2032 Μαλειαν

279 2065 341 2105 καὶ
372 2065 517 2122 Βορέης
549 2066 711 2107 ἀπέωσε,
745 2057 1007 2120 παρέπλαγξεν
1039 2062 1078 2103 δὲ
1114 2063 1315 2119 Κυθήρων.

74 2152 235 2194 Boreas
264 2151 394 2205 igitur
424 2165 517 2194 eum
549 2151 601 2194 ab
630 2152 779 2193 Ithaca
810 2150 975 2203 repellit
1006 2152 1051 2191 ut
1082 2163 1157 2203 per
1178 2162 1291 2191 mare
1313 2151 1423 2190 erret
1444 2149 1582 2202 quoad

76 2219 307 2274 Cyclopum
344 2225 498 2263 terram
536 2221 677 2262 nescio
718 2219 788 2261 ubi
825 2219 947 2261 sitam
986 2219 1122 2261 adeat.
1185 2218 1411 2270 Euripides
1443 2220 1582 2259 autem

76 2301 168 2331 cum
209 2288 394 2332 Silenum
440 2303 619 2341 cursum,
659 2302 740 2343 quo
778 2289 994 2330 Bacchum
1033 2300 1057 2329 a
1094 2287 1375 2340 praedonibus
1416 2289 1581 2340 raptum

75 2361 246 2401 secutus
291 2358 358 2411 sit,
405 2359 701 2412 depingentem
750 2357 879 2399 faciat
924 2356 1129 2398 similibus
1176 2369 1277 2398 usus
1328 2356 1468 2398 verbis
1518 2356 1583 2397 his

75 2426 185 2481 (Cyn.
221 2427 423 2482 14—16):

348 2509 424 2563 ἤδη
456 2508 496 2549 ’δὲ
528 2507 692 2552 Μαλέας
723 2508 883 2561 πλησίον
915 2507 1171 2551 πεπλευκότας

352 2579 574 2634 ἀπηλιώτης
606 2580 743 2632 ἄνεμος
774 2578 983 2630 ἐμπνεύσας
1014 2577 1092 2633 δορὶ

351 2643 531 2704 ἐξέβαλεν
564 2650 668 2703 ἡμᾶς
698 2647 800 2702 τήνδ’
836 2648 875 2693 εἐ,
908 2649 1081 2688 Αἰτναίαν
1114 2649 1264 2703 πέτραν,

76 2733 217 2774 tamen
253 2730 439 2774 Silenum
478 2733 520 2773 et
558 2731 730 2773 comites
768 2731 933 2784 satyros
971 2729 1195 2771 subsolano
1233 2728 1286 2770 ad
1324 2727 1584 2769 occidentem

76 2813 225 2844 versus
274 2800 327 2844 ab
378 2801 522 2844 eodem
572 2799 854 2854 promontorio
905 2799 1046 2841 Malea
1096 2797 1149 2840 ad
1199 2797 1323 2840 litora
1372 2797 1583 2849 Aetnaea,
