1825 3202
702 210 979 250 *23-

366 336 398 376 su
432 329 551 386 Ξεῖνοι,
575 337 670 381 τίνες
702 337 806 383 ε’σῑε;
841 337 955 375 πόθεν
990 335 1113 375 πλεῖῦΙ
1153 335 1244 392 ὖῖρςὶ
1276 336 1460 383 zelanda,

367 407 390 460 ἦ
424 421 454 446 τι
486 407 583 445 κατά
614 399 745 462 πρῆξιν
779 406 802 459 ἦ
837 406 1021 460 μαψιδίως
1054 407 1273 459 ἀλαληςθε,

369 478 424 516 οἷά
457 492 496 516 τε
528 478 743 532 ληιστῆρες,
779 475 879 531 ὑπεὶρ
913 477 1003 517 ἀλα.
1038 478 1091 515 τοι
1124 475 1154 515 τ’
1190 479 1377 515 ἀνήκων-,αι

369 548 493 602 ψυχάς
524 548 750 603 παρθέμενοι
783 548 897 586 κακὸν
931 547 1176 586 ἀλλοδαποῖσι
1209 549 1402 603 captu-„322

96 619 176 663 Cui
222 621 370 663 Ulixes
416 623 641 675 respondet
691 635 736 664 se
782 635 976 675 suosque,
1025 622 1223 664 Achaeos
1272 620 1604 674 Agamemnonis

97 689 246 741 socios,
293 690 419 732 Troia
464 693 590 743 capta
635 691 800 733 domum
848 690 994 732 redire.
1052 690 1181 743 Apud
1221 690 1465 743 Euripidem
1504 701 1603 729 vero

97 756 278 800 affirmat
322 771 368 800 se
413 771 594 813 suosque
640 760 885 802 Ithacenses
932 772 1037 810 esse,
1076 763 1299 812 propterea
1336 759 1446 812 quod
1484 760 1525 799 et
1562 770 1605 798 re

97 839 199 868 vera
229 827 379 870 Ulixes
408 829 646 870 Ithacensis
684 831 775 871 erat
812 831 854 870 et
884 829 1035 870 Ithaca
1071 841 1201 880 prope
1239 828 1291 869 ab
1330 827 1474 870 Sicilia
1511 826 1605 867 sita.

213 896 303 938 Iam
341 909 440 939 vero
478 910 582 950 quos
621 898 754 951 satyri
790 898 833 939 in
865 897 1009 939 fabula
1045 897 1241 938 scaenica
1273 896 1412 938 facere
1443 895 1607 936 labores

99 964 310 1006 debebant
331 965 444 1019 (Cyc.
468 967 713 1018 206—218)
738 967 1023 1019 Polyphemus
1055 968 1279 1019 antequam
1312 965 1480 1007 Ulixem
1513 976 1607 1005 con-

99 1033 241 1086 spexit
270 1033 361 1086 ipse
392 1034 435 1075 in
466 1033 663 1088 Odyssea
699 1035 877 1088 suscipit
908 1034 1005 1087 (Od.
1039 1051 1047 1074 ι
1079 1038 1337 1085 236ᾔ249).
1400 1033 1484 1087 Qui
1516 1045 1606 1073 cum

99 1105 262 1155 partem
294 1102 416 1144 lactis
447 1103 674 1155 separatim
706 1104 748 1145 in
781 1103 894 1145 vasis
926 1106 1056 1156 ponat
1087 1104 1140 1145 ad
1173 1115 1317 1144 cenam
1349 1101 1609 1158 (ποτιδόρπιον)

100 1173 447 1226 praeparandam,
480 1172 735 1226 Euripideus
767 1187 818 1215 ex
851 1174 1006 1227 satyris
1038 1173 1215 1228 quaerit,
1247 1186 1345 1215 num
1384 1173 1521 1214 onmia
1558 1172 1610 1213 ad

101 1242 321 1296 prandium
353 1241 536 1298 (ἄριστον)
568 1245 716 1295 parata
747 1242 842 1284 sint.
905 1244 1053 1296 Atque
1086 1243 1137 1284 de
1169 1242 1283 1284 cenis
1322 1242 1431 1295 quod
1463 1244 1613 1294 poetae

102 1310 299 1353 differunt
342 1310 560 1353 fortuitum
606 1324 689 1352 non
735 1314 809 1352 est.
874 1311 981 1353 Nam
1019 1324 1112 1353 cum
1148 1311 1192 1352 in
1230 1309 1426 1363 Odyssea
1463 1310 1612 1361 onmia,

102 1393 210 1434 quae
246 1380 298 1421 de
336 1380 595 1433 Polyphemo
632 1382 866 1431 narrantur,
907 1379 958 1421 ab
997 1381 1128 1422 altero
1167 1392 1300 1433 usque
1338 1380 1391 1421 ad
1438 1380 1612 1420 alterum

103 1461 324 1502 vesperum
359 1451 553 1502 agantur,
586 1462 668 1503 quo
699 1449 769 1490 ille
792 1449 889 1491 vino
912 1462 1140 1503 somnoque
1164 1461 1390 1502 oppressus
1414 1448 1465 1490 ab
1490 1448 1616 1490 Ulixe

104 1521 369 1571 excaecatur,
391 1518 619 1571 Euripides
640 1518 734 1559 luce
758 1518 879 1559 unius
902 1518 985 1560 diei
1017 1521 1148 1560 totam
1170 1518 1241 1571 agi
1270 1517 1387 1559 iubet
1418 1516 1614 1558 fabulam.

105 1587 284 1629 Meridie
319 1587 450 1640 igitur
486 1600 579 1629 eum
616 1587 714 1628 inde
752 1589 1032 1629 revertentem
1065 1587 1180 1639 facit,
1213 1587 1285 1629 ubi
1317 1599 1409 1629 cum
1442 1585 1616 1628 canibus

105 1669 180 1710 per
211 1659 377 1709 tempus
408 1656 659 1698 matutinum
692 1659 870 1697 venatus
903 1659 977 1699 est.

221 1725 422 1778 Sequitur
451 1725 579 1777 longa
615 1725 687 1766 illa
718 1725 864 1776 oratio,
905 1738 988 1778 qua
1019 1725 1169 1768 Ulixes
1201 1725 1400 1779 Cyclopis
1439 1726 1618 1766 mentem

106 1795 275 1850 placare
306 1796 432 1847 atque
463 1793 508 1835 in
539 1806 584 1835 se
615 1806 798 1847 suosque
831 1794 1076 1836 clementem
1103 1795 1278 1836 reddere
1301 1795 1475 1836 conatur
1507 1793 1619 1847 (Cyc.

108 1862 364 1917 285—312).
428 1862 549 1917 Quae
581 1861 710 1904 verba
741 1862 906 1905 omnino
940 1863 1145 1905 eiusmodi
1177 1865 1275 1905 sunt
1305 1862 1457 1916 quibus
1495 1865 1621 1915 poeta

107 1943 206 1973 suas
251 1931 483 1973 sententias
528 1931 737 1984 exprimat
781 1931 896 1973 nulla
934 1930 1020 1973 fere
1057 1945 1102 1974 re
1140 1945 1192 1974 ex
1230 1932 1414 1974 Homero
1455 1932 1619 1982 hausta,

108 2000 189 2042 nisi
220 2000 331 2053 quod
351 1999 502 2042 Ulixes
533 2012 558 2041 a
589 1998 776 2052 Cyclope
807 2000 926 2052 petit,
960 2004 1007 2041 ut
1037 2000 1117 2042 sibi
1149 2001 1258 2042 dona
1281 2001 1352 2042 det
1381 2000 1620 2052 hospitalia,

109 2081 286 2122 eumque
318 2068 514 2110 admonet
544 2069 638 2121 lege
660 2068 869 2110 communi
890 2069 1080 2111 homines
1102 2069 1236 2111 iuberi
1259 2069 1452 2110 miserum
1487 2069 1622 2110 colere

110 2140 152 2179 et
198 2136 339 2179 fovere
385 2137 589 2179 advenam
637 2136 708 2188 (cf.
745 2137 820 2179 Od.
854 2153 862 2177 ι
894 2142 1116 2181 266ψ271
1158 2141 1200 2180 et
1241 2138 1331 2189 Cyc.
1364 2138 1621 2181 299ὴ301).

110 2206 259 2260 Neque
295 2205 432 2247 minus
471 2219 673 2260 responsa
712 2207 963 2260 Polyphemi
994 2207 1175 2260 propriis
1207 2207 1373 2249 ornavit
1404 2206 1623 2248 sententiis

111 2278 154 2318 et
184 2275 383 2317 orationis
416 2274 598 2317 flosculis
620 2274 732 2331 (ch.
752 2280 1011 2320 316—346).
1061 2276 1176 2317 Diris
1199 2276 1320 2317 minis
1342 2275 1624 2328 pronuntiatis

112 2343 296 2397 Cyclops
326 2343 369 2385 in
402 2346 566 2386 antrum
599 2357 644 2386 se
676 2344 850 2396 confert,
885 2345 955 2386 ubi
987 2345 1123 2386 socios
1162 2346 1319 2386 mactat
1357 2345 1460 2386 duos
1498 2347 1625 2397 atque

111 2412 308 2456 comedit.
371 2411 515 2466 Satyri
545 2414 685 2454 autem
717 2414 874 2455 saltant
906 2418 947 2455 et
979 2415 1153 2455 cantant
1184 2413 1281 2454 dum
1307 2413 1454 2455 Ulixes
1487 2414 1623 2463 exeat,

117 2482 188 2536 qui
219 2481 357 2524 omnia
387 2494 494 2535 quae
526 2482 639 2523 intus
677 2484 773 2524 acta
809 2485 908 2523 sunt
944 2481 1128 2524 nefanda
1164 2484 1318 2524 narrat.
1383 2481 1545 2536 Quibus
1584 2481 1626 2522 in

115 2549 336 2593 narrandis
366 2552 492 2602 poeta
523 2551 699 2592 eundem
735 2551 960 2592 Homerum
993 2551 1034 2591 in
1072 2563 1233 2592 summa
1270 2563 1405 2591 rerum
1438 2549 1627 2603 sequitur

119 2619 190 2672 (cf.
226 2618 303 2661 Od.
335 2634 344 2659 ι
376 2622 601 2660 288-298
635 2621 677 2660 et
711 2619 802 2673 Cyc.
837 2618 1094 2673 282ffl436).
1158 2617 1242 2660 Sed
1280 2631 1387 2672 quae
1419 2619 1470 2660 de
1501 2618 1626 2671 Poly-

118 2689 268 2741 phemo
299 2688 428 2731 boves
459 2689 668 2729 mulcente
699 2690 936 2730 narrantem
965 2688 1086 2740 fingit
1107 2687 1276 2729 Ulixem
1297 2699 1381 2729 non
1402 2687 1628 2729 concinunt

120 2769 213 2799 cum
250 2756 353 2799 locis
390 2755 750 2808 antecedentibus,
789 2756 861 2797 ubi
897 2758 1132 2809 satyrorum
1172 2768 1298 2808 opera
1343 2755 1513 2797 servilia
1558 2756 1627 2797 de-

120 2824 301 2877 scripsit.
363 2824 447 2866 Sed
493 2824 592 2877 quia
636 2836 808 2865 necesse
855 2828 944 2865 erat
983 2825 1152 2865 chorum
1190 2826 1424 2875 satyrorum
1462 2823 1626 2865 interim
