1958 3314
694 854 1008 897 Introductio.

213 934 400 976 Fabulae
421 935 645 987 populares
668 947 775 988 quae
797 938 895 976 sunt
917 935 967 976 de
989 934 1185 977 heroibus
1203 935 1400 988 mythicis
1419 935 1609 977 oriuntur

98 1008 140 1046 et
185 1005 380 1046 crescunt
425 1003 544 1045 annis
582 1003 861 1055 volventibus,
900 1004 1147 1056 praesertim
1186 1006 1409 1058 antequam
1457 1004 1608 1046 litteris

97 1073 321 1114 mandatae
351 1074 460 1114 sunt.
510 1072 593 1126 Qui
624 1085 695 1114 eas
726 1076 898 1114 narrant
930 1085 982 1114 ex
1013 1085 1088 1114 suo
1111 1072 1287 1126 quisque
1308 1073 1476 1125 ingenio
1507 1086 1608 1115 non-

96 1142 211 1184 nulla
242 1142 309 1184 vel
341 1142 501 1183 addunt
531 1142 598 1183 vel
629 1144 804 1193 mutant,
828 1141 937 1183 sicut
958 1144 1150 1183 naturam
1172 1142 1436 1196 indolemque
1468 1154 1607 1184 eorum

98 1211 230 1253 decet.
308 1210 465 1265 Quales
512 1210 619 1252 enim
673 1213 714 1252 et
760 1223 882 1264 qnam
932 1211 1048 1252 multi
1097 1223 1219 1252 casus
1265 1211 1418 1253 Thesei
1465 1211 1609 1253 Persei

98 1279 314 1321 Herculis!
362 1279 498 1333 Quam
521 1279 663 1321 variae
686 1279 947 1321 narrationes
965 1280 1015 1320 de
1035 1292 1175 1322 eorum
1194 1279 1354 1332 origine
1371 1279 1609 1322 referuntur

98 1360 148 1390 ac
177 1347 441 1401 parentibus!
495 1348 560 1389 De
582 1348 766 1390 Hercule
789 1348 954 1401 quidem
988 1347 1178 1390 feruntur
1199 1351 1417 1391 sescentae
1440 1348 1607 1390 fabulae

98 1429 206 1470 quae
222 1417 332 1458 inter
353 1429 398 1458 se
415 1417 709 1459 contradicunt
730 1429 988 1470 quarumque
1010 1419 1161 1459 natura
1183 1430 1233 1459 ac
1255 1416 1388 1459 forma
1409 1417 1608 1470 temporis

98 1497 222 1527 cursu
245 1487 469 1527 mutantur.
524 1485 658 1539 Quam
684 1485 906 1527 dissimiles
929 1486 1034 1527 varii
1057 1486 1148 1539 typi
1170 1485 1382 1539 Gorgonis
1403 1486 1608 1528 Medusae

98 1552 264 1606 fuerint,
311 1553 529 1607 permultis
576 1553 774 1607 antiquae
821 1554 922 1595 artis
969 1554 1165 1607 operibus
1212 1555 1322 1597 clare
1361 1556 1605 1598 ostenditur.

99 1622 183 1666 Sed
220 1622 420 1675 optimum
459 1623 693 1675 exemplum
733 1621 912 1674 fabulae,
952 1636 1059 1676 quae
1098 1636 1291 1666 crescens
1327 1637 1403 1677 per
1438 1625 1606 1677 longum

99 1693 263 1744 tempus
281 1693 478 1744 mutatur,
496 1692 637 1734 nescio
656 1705 708 1733 an
726 1693 895 1745 mytlius
912 1692 1114 1744 praebeat
1131 1692 1330 1746 Cyclopis
1345 1693 1605 1746 Polyphemi.

99 1760 317 1802 Eiusmodi
349 1761 457 1802 enim
489 1761 623 1814 mythi
654 1760 854 1813 originem
889 1762 1053 1803 trahere
1093 1762 1228 1804 solent
1265 1775 1318 1804 ex
1350 1762 1608 1804 mirabilibus

99 1828 408 1871 narrationibus
430 1832 651 1871 nautarum
674 1831 716 1871 et
737 1833 1011 1872 mercatorum
1035 1830 1106 1883 qui
1128 1833 1261 1872 terras
1282 1831 1407 1883 longe
1428 1833 1608 1873 remotas

99 1897 242 1939 visunt
273 1899 315 1939 et
344 1898 521 1951 populos
558 1897 758 1940 barbaros
796 1911 845 1940 ac
881 1899 1125 1951 peregrinos
1163 1912 1297 1941 mores
1335 1902 1607 1952 cognoscunt,

98 1979 296 2019 perverse
327 1979 428 2009 sane
460 1966 641 2020 saepius,
675 1973 717 2009 et
748 1967 924 2009 audiunt
954 1967 1178 2010 incertiora
1210 1981 1317 2022 quae
1348 1969 1481 2010 relata
1512 1971 1610 2010 sunt

77 2035 150 2077 'de
182 2035 378 2077 monstris
410 2048 518 2089 quae
548 2038 771 2078 versantur
802 2036 844 2077 in
877 2036 1117 2089 regionibus
1149 2050 1319 2090 prorsus
1356 2037 1607 2091 longinquis.

99 2104 204 2146 Illae
235 2105 373 2146 autem
405 2104 744 2147 narratiunculae
774 2107 923 2158 postea
954 2106 996 2146 in
1027 2106 1206 2159 patriam
1237 2106 1380 2148 illatae
1418 2107 1525 2148 aliae
1557 2106 1609 2148 ab

100 2173 180 2215 alio
210 2175 446 2225 narrantur,
478 2176 676 2226 nepotum
715 2174 937 2216 memoriae
975 2175 1210 2227 traduntur,
1243 2174 1355 2217 fama
1387 2177 1607 2227 augentur,

101 2242 233 2283 donec
263 2244 388 2295 poeta
419 2242 571 2296 aliquis
602 2243 845 2295 ingeniosus
884 2243 943 2285 eis
983 2243 1156 2286 formam
1197 2245 1268 2286 det
1306 2246 1475 2286 certam.
1539 2244 1610 2287 Sic

105 2311 309 2352 Homerus
340 2311 498 2363 primus
530 2311 712 2353 fabulam
746 2325 852 2365 quae
884 2315 948 2354 est
979 2313 1030 2354 de
1052 2313 1311 2366 Polyphemo
1333 2315 1459 2366 atque
1482 2312 1609 2355 Ulixe

101 2391 194 2420 cum
216 2378 391 2421 historia
407 2379 505 2421 belli
523 2380 693 2422 Troiani
716 2380 945 2432 coniunxit,
972 2381 1042 2422 alii
1064 2394 1163 2424 vero
1186 2381 1412 2435 scriptores
1435 2381 1609 2422 eandem

101 2450 266 2489 auctam
313 2460 363 2489 ac
407 2450 608 2490 mutatam
655 2451 945 2491 tractaverunt
983 2462 1113 2503 usque
1151 2450 1204 2491 ad
1240 2450 1499 2502 Euripidem,
1539 2449 1609 2503 qui

101 2516 339 2558 narratione
360 2517 588 2559 Homerica
618 2530 719 2559 usus
751 2516 934 2559 fabulam
957 2518 1184 2571 satyricam
1216 2518 1462 2571 composuit.
1508 2518 1609 2559 Pro-

101 2585 282 2638 positum
320 2585 450 2638 igitur
486 2585 606 2628 nobis
644 2587 708 2627 est
744 2586 856 2627 hunc
894 2587 1079 2639 mythum
1120 2587 1162 2628 in
1201 2587 1302 2628 artis
1334 2586 1529 2640 operibus
1561 2599 1611 2628 ac

101 2653 252 2695 litteris
283 2653 484 2695 traditum
516 2666 649 2707 usque
681 2654 734 2695 ad
764 2653 886 2695 finem
920 2654 1078 2696 saeculi
1109 2668 1144 2697 a.
1170 2653 1245 2698 Ch.
1279 2668 1318 2697 n.
1352 2655 1488 2709 quinti
1517 2668 1610 2708 per-

102 2722 233 2776 sequi,
253 2724 298 2764 nt
314 2722 571 2775 corrigamus
592 2723 813 2764 nonnullas
836 2722 965 2765 falsas
988 2723 1203 2776 opiniones
1226 2737 1334 2778 quae
1356 2724 1407 2766 de
1424 2723 1610 2777 Cyclope

102 2791 417 2843 pervulgantur,
450 2803 499 2832 ac
530 2791 861 2833 demonstremus
893 2794 1100 2845 quatenus
1132 2792 1224 2834 aliis
1247 2793 1488 2835 auctoribus
1510 2805 1610 2834 usus

102 2859 158 2901 sit
188 2859 425 2912 Euripides.

1431 2928 1447 2963 1
