1825 3202
834 210 1089 247 -g-

212 334 253 374 id
284 333 479 385 sagacius
508 345 630 385 quam
662 333 816 374 rectius
848 332 948 373 mihi
980 333 1146 374 videtur
1177 347 1201 374 a
1231 334 1514 386 grammaticis
1546 335 1712 387 excogi-

212 405 342 443 tatum
367 414 470 442 esse.
518 401 701 442 Necesse
734 403 871 443 autem
901 404 992 442 erat
1013 414 1102 443 eam
1134 415 1217 444 rem
1252 403 1480 445 artificibus
1511 416 1712 445 summam

211 469 412 522 praebere
457 468 757 510 difficultatem.
822 469 927 510 Nam
974 482 1055 522 quo
1101 471 1221 512 modo
1267 471 1339 522 illi,
1386 483 1478 512 cum
1530 471 1713 513 fabulam

212 537 455 590 Cyclopiam
495 537 782 589 depingerent,
826 538 1080 589 Polyphemo
1119 534 1280 579 duobus
1318 539 1531 580 attributis
1568 540 1711 591 oculis,

212 612 350 648 tamen
383 605 547 647 efficere
578 607 817 657 potuerunt⁷
852 611 897 646 ut
927 605 979 647 ab
1012 606 1138 648 Ulixe
1171 607 1343 660 eiusque
1380 607 1600 649 comitibus
1633 621 1713 650 uno

211 675 368 727 impetu
397 674 536 715 statim
570 676 793 726 appareret
814 674 967 715 lumine
988 674 1179 727 privatus
1202 688 1305 727 esse,
1330 689 1451 729 quem
1474 677 1525 718 ad
1549 677 1713 718 modum

213 744 322 795 apud
354 744 581 784 Homerum
614 742 836 784 narratur?
897 743 965 784 Ex
996 743 1146 796 quibus
1177 744 1406 796 pictoribus
1439 745 1509 786 uni
1538 745 1581 786 id
1612 758 1713 787 sane

212 812 377 853 minime
409 824 534 852 curae
566 810 657 862 fuit,
691 824 782 852 011111
816 812 908 853 dico
946 812 1016 865 qui
1055 811 1154 854 fecit
1192 825 1267 854 ras
1298 813 1543 855 Boeoticum
1577 813 1641 869 (ε),
1672 813 1714 854 111

213 895 292 934 quo
316 882 631 933 Polyphemum,
664 894 785 934 quem
818 882 1049 924 adversarii
1080 882 1233 924 lumine
1255 882 1459 934 privaturi
1480 885 1589 935 sunt,
1613 883 1717 925 duos

212 951 353 991 oculos
413 949 702 1002 spectantibus
763 951 1050 992 ostendentem
1103 951 1303 993 videmus.
1386 950 1526 993 Ceteri
1577 955 1715 994 autem

212 1018 501 1059 difficultatem
533 1018 593 1060 ita
626 1019 724 1059 mihi
748 1019 942 1060 videntur
965 1018 1124 1071 fugisse
1146 1023 1192 1060 111
1215 1020 1516 1072 Polyphemum
1541 1033 1566 1062 a
1586 1021 1717 1062 latere

212 1087 487 1139 depingerent
517 1087 588 1139 ita,
623 1090 667 1128 ut
699 1088 804 1129 alter
836 1088 1120 1129 tantummodo
1153 1089 1297 1130 oculus
1329 1101 1531 1141 apparere
1562 1093 1717 1142 posset.

213 1155 295 1196 Sed
328 1158 421 1196 utut
453 1169 517 1196 res
550 1168 594 1197 se
627 1156 764 1207 habet,
789 1159 947 1198 certum
971 1159 1035 1198 est
1066 1157 1271 1198 neminem
1303 1157 1503 1199 artificem
1527 1158 1717 1210 vestigiis

212 1224 405 1265 insistere
424 1224 612 1275 Hesiodi,
632 1224 701 1277 qui
723 1238 894 1277 prorsus
917 1225 1039 1266 aliam
1064 1224 1246 1267 fabulam
1270 1228 1439 1267 secutus
1462 1225 1718 1279 Cyclopibus

214 1306 339 1333 unum
363 1293 527 1334 oculum
550 1293 687 1335 media
709 1294 750 1335 in
783 1293 918 1335 fronte
948 1294 1131 1346 positum
1163 1294 1366 1337 attribuit.
1414 1295 1594 1337 Restant
1615 1308 1719 1337 vasa

214 1366 239 1406 ἰ,
272 1377 295 1415 η
331 1364 355 1401 θ
387 1378 407 1406 ι,
456 1362 497 1402 111
543 1362 694 1415 quibus
734 1363 1037 1415 Polyphemum
1080 1363 1161 1404 iam
1209 1366 1481 1404 excaecatum
1529 1363 1718 1405 videmus

213 1433 425 1473 sedentem
456 1432 499 1472 111
530 1431 755 1484 speluncae
787 1431 892 1472 ostio
925 1433 966 1472 et
994 1431 1160 1473 Ulixem
1194 1435 1239 1473 ut
1269 1431 1367 1473 licet
1398 1432 1587 1473 conicere
1620 1431 1720 1485 fuga

212 1499 566 1552 [11-011100111011116.
616 1498 776 1541 Oculus
808 1502 947 1541 autem
980 1500 1124 1541 laevus
1156 1500 1245 1541 sine
1276 1500 1436 1552 pupilla
1457 1500 1499 1541 in
1521 1503 1720 1553 quattuor

212 1569 293 1610 illis
340 1568 495 1610 tabulis
541 1567 593 1610 ab
645 1568 803 1609 artifice
855 1568 1047 1620 depictus
1098 1568 1187 1609 sine
1237 1567 1362 1609 dubio
1414 1571 1478 1610 est
1529 1568 1717 1622 effossus,

214 1639 429 1679 dexterum
463 1650 513 1679 ne
545 1637 587 1678 in
619 1637 682 1678 his
715 1637 880 1690 quidem
904 1637 1247 1689 conspicimus17.
1313 1638 1432 1680 [nde
1465 1639 1653 1691 sequitur
1675 1641 1721 1680 ut

214 1720 264 1748 ne
310 1707 347 1747 ei
393 1706 558 1759 quidem
606 1706 787 1758 pictores
835 1707 913 1747 hac
948 1706 989 1747 in
1028 1719 1072 1747 re
1109 1706 1234 1747 alium
1274 1705 1427 1748 fontem
1465 1707 1600 1749 secuti
1637 1707 1721 1749 sint

216 1788 338 1828 quam
370 1776 581 1817 Homerus
620 1775 723 1827 ipse,
765 1774 940 1816 Hesiodi
980 1778 1118 1816 autem
1167 1773 1376 1828 Cyclopes
1422 1777 1721 1832 gio-mqtlahgiouc,

213 1858 294 1887 non
326 1847 570 1897 agnoscant.

328 1927 390 1966 At
428 1938 510 1966 non
547 1926 679 1967 solum
719 1926 761 1966 in
800 1938 992 1967 rasorum
1030 1925 1206 1978 picturis
1246 1926 1484 1968 testimonia
1520 1926 1721 1969 habemus

214 1994 264 2034 de
297 1993 449 2035 fabulis
487 1994 617 2046 epicis
656 1994 825 2047 optima,
864 1995 938 2036 sed
974 1994 1100 2036 etiam
1139 1994 1181 2035 in
1220 2007 1413 2036 vasorum
1455 1996 1718 2049 antiquorum

214 2062 555 2114 inscriptionibus
615 2064 824 2105 nonnullis
843 2065 887 2105 ¹⁸.
963 2064 1013 2104 In
1065 2063 1255 2105 omnibus
1316 2064 1423 2105 enim
1485 2065 1720 2107 invenimus

215 2131 410 2183 scriptam
459 2130 630 2173 formam
671 2132 1087 2177 11011111115Ὀλυττεὺς
1126 2132 1438 2178 101Ὀλυσσεώς
1485 2146 1559 2186 pro
1602 2134 1722 2187 epica

210 2200 427 2245 080333'32„
484 2202 606 2244 Unde
629 2203 960 2244 concludendum
984 2208 1047 2244 est
1071 2202 1251 2245 fabulam
1276 2202 1520 2256 Cyclopiam
1544 2204 1723 2258 Graecis

216 2275 354 2312 notam
389 2271 517 2313 fuisse
549 2271 673 2312 etiam
707 2284 758 2312 ex
790 2271 883 2313 aliis
915 2271 1100 2313 fontibus
1132 2274 1258 2325 atque
1290 2285 1342 2313 ex
1364 2273 1559 2314 Homero.
1613 2272 1720 2314 Nam

216 2339 314 2391 quin
337 2340 512 2381 nominis
536 2339 668 2382 forma
688 2340 730 2381 in
754 2340 925 2382 Homeri
947 2340 1200 2382 carminibus
1226 2340 1434 2385 '039333'32
1463 2341 1518 2382 sit
1539 2341 1723 2383 dubitari

216 2409 370 2461 nequit,
405 2410 513 2462 quod
547 2423 639 2452 cum
672 2423 723 2451 ex
755 2410 848 2452 aliis
878 2410 981 2452 locis
1013 2410 1201 2464 sequitur
1232 2413 1319 2452 tum
1351 2424 1403 2453 ex
1434 2411 1499 2453 his
1530 2410 1722 2453 versibus

216 2476 311 2530 (Οᾱ.
345 2492 364 2516 τ
395 2477 657 2533 107-109);
1714 2484 1716 2487 ·

337 2694 361 2716 ¹¹³
387 2696 440 2726 (Τ.
470 2695 533 2727 (nl,
560 2706 568 2725 l
596 2695 662 2727 44ss
688 2706 767 2736 seq.

335 2750 357 2772 Π
384 2752 437 2783 l'l‘.
464 2758 494 2782 υι
528 2762 619 2783 vasa.
643 2758 663 2793 ρ’
689 2764 710 2794 7
737 2751 766 2784 (1.
794 2752 833 2784 111
863 2751 1010 2794 quibus
1037 2753 1175 2785 oculus
1203 2752 1340 2786 dexter
1367 2763 1444 2785 non
1473 2757 1641 2795 apparet.

335 2807 359 2828 ¹³
385 2808 439 2839 (js.
470 2808 827 2848 Kal-:Tsvlfflliffl
860 2807 1202 2851 Vaseninschriften,
1230 2820 1264 2851 p.
1294 2810 1358 2842 146
1383 2820 1461 2852 seq.
