1825 3202
834 206 1117 242 —14—

223 328 388 370 videtur
425 326 549 369 etiam
589 327 753 379 dignior
791 339 882 368 esse
920 327 986 368 cui
1023 327 1126 369 fides
1163 327 1366 370 habeatur
1404 341 1526 382 quam
1559 327 1726 370 Rhada—

223 397 416 438 manthus
466 395 690 437 inferorum
751 396 878 437 iudex
928 396 1194 438 iustissimus.
1271 396 1446 438 Duobus
1496 397 1625 449 igitur
1675 409 1728 438 ex

222 478 390 507 numero
436 465 641 507 sociorum
683 464 821 507 Ulixis
868 465 1087 507 trucidatis
1136 478 1279 508 cenam
1322 466 1607 509 crudelissime
1648 465 1728 508 sibi

222 536 354 587 parat.
416 533 565 575 Ulixes
598 533 749 574 deinde
781 546 975 586 egressus
1008 547 1091 576 una
1122 547 1214 576 cum
1254 534 1408 588 satyris
1440 536 1481 576 et
1512 534 1649 586 sociis,
1682 535 1728 575 ut

222 615 363 644 omnes
408 601 616 654 liberaret,
666 602 884 643 constituit
931 603 1233 655 Polyphemum
1281 603 1377 645 vino
1414 603 1630 645 Maronico
1666 602 1727 643 in-

222 670 426 713 ebriatum
473 671 591 712 oculo
630 670 797 723 privare
833 671 929 723 palo
966 671 1055 723 igni
1093 672 1254 714 adusto.
1317 672 1422 713 Tum
1454 684 1553 713 vero
1585 673 1729 713 cantat

217 740 369 781 chorus
401 739 538 780 laetus
570 740 612 779 et
644 751 688 780 se
720 738 852 781 iactat
883 739 1039 781 virtute
1071 752 1121 782 ac
1152 739 1410 793 fortitudine,
1450 741 1546 782 dum
1578 739 1727 782 Ulixes

216 808 328 849 intus
360 809 455 860 post
485 807 705 859 prandium
740 807 952 849 horridum
985 808 1127 849 vinum
1160 809 1281 850 dulce
1303 808 1478 850 effundit
1498 809 1726 862 potandum

216 877 493 929 Polyphemo.
556 876 641 917 Hic
671 878 819 929 postea
850 877 1063 929 egreditur
1094 877 1145 918 ad
1179 879 1340 920 ceteros
1363 876 1571 931 Cyclopes
1592 877 1727 919 iturus

218 947 263 985 ut
294 944 353 985 illi
385 956 525 986 secum
557 946 716 997 potent,
750 945 823 986 sed
855 958 880 987 a
902 945 1042 988 Sileno
1065 948 1111 987 ut
1139 946 1280 987 vinum
1312 946 1392 988 sibi
1413 947 1526 988 solus
1549 945 1728 990 retineat

217 1013 255 1054 ei
285 1013 573 1065 persuadetur.
637 1013 814 1055 Tantam
847 1013 977 1065 igitur
1007 1015 1170 1067 copiam
1204 1015 1289 1056 vini
1320 1015 1372 1057 ab
1406 1015 1530 1057 Ulixe
1563 1015 1728 1068 accepit

216 1084 264 1122 ut
309 1084 519 1134 postremo
566 1080 751 1123 Silenum
804 1084 1002 1135 tanquam
1051 1082 1340 1136 Ganymedem
1391 1083 1434 1125 in
1484 1084 1726 1136 speluncam

217 1150 365 1202 rapiat.
413 1151 501 1192 Iam
525 1153 677 1203 parant
699 1163 840 1192 omnes
863 1151 1166 1204 Polyphemum
1191 1165 1419 1194 excaecare
1441 1153 1725 1195 dormientem.

218 1218 301 1260 Sed
338 1219 471 1272 satyri
507 1219 652 1271 ignavi
689 1219 825 1261 animo
864 1219 1075 1272 deficiunt,
1114 1221 1174 1262 ita
1211 1223 1257 1262 ut
1288 1234 1460 1263 necesse
1491 1221 1546 1263 sit
1577 1221 1726 1263 Ulixes

216 1288 308 1340 ipse
340 1301 422 1329 una
454 1300 547 1330 cum
579 1287 704 1330 sociis
736 1301 819 1330 rem
852 1288 1055 1340 perficIat,
1089 1289 1243 1342 satyris
1282 1292 1409 1332 cantu
1447 1290 1724 1332 hortantibus.

218 1355 311 1409 Quo
358 1355 469 1398 facto
508 1354 690 1409 Cyclops
728 1369 750 1398 e
788 1368 917 1409 specu
962 1357 1045 1398 ruit
1084 1358 1203 1400 oculo
1241 1359 1432 1411 privatus
1471 1360 1512 1401 et
1544 1372 1568 1401 a
1600 1360 1725 1401 choro

216 1425 415 1476 illuditur,
465 1437 557 1466 cum
603 1425 686 1467 huc
731 1427 857 1478 atque
904 1426 1002 1467 illuc
1048 1428 1117 1468 eat
1163 1429 1208 1468 ut
1252 1427 1458 1480 hospitem
1508 1427 1725 1470 Neminem

217 1493 407 1534 manibus
452 1495 581 1546 petat.
659 1491 789 1536 Cuius
837 1494 1067 1536 adversarii
1113 1508 1262 1537 nomen
1310 1509 1452 1538 verum
1503 1498 1723 1550 postquam

217 1562 430 1615 comperit,
463 1562 618 1604 veteris
650 1562 807 1604 oraculi
839 1563 1038 1615 meminit,
1072 1577 1153 1617 quo
1184 1565 1445 1618 praedictum
1478 1568 1568 1607 erat
1588 1566 1724 1619 ipsum

216 1630 268 1672 ab
300 1631 426 1673 Ulixe
464 1631 688 1684 aliquando
726 1631 880 1672 lumine
918 1632 1127 1684 privatum
1167 1633 1235 1682 iri,
1284 1634 1415 1675 iratus
1454 1639 1592 1676 autem
1632 1647 1723 1676 eum

217 1699 354 1752 lapide
391 1712 542 1752 magno
589 1698 712 1741 ferire
758 1700 912 1742 studet.
980 1699 1137 1743 Contra
1183 1703 1316 1755 satyri
1360 1703 1570 1745 laetantur
1615 1704 1725 1757 quod

218 1768 334 1810 brevi
370 1769 465 1810 vela
502 1768 654 1811 facturi
691 1772 789 1810 sunt
827 1782 909 1811 una
946 1782 1037 1812 cum
1077 1771 1215 1823 Ulixe,
1255 1773 1302 1813 ut
1338 1771 1514 1824 pristino
1560 1772 1725 1814 domino

216 1838 387 1880 Baccho
419 1837 619 1880 serviant.

218 1975 256 2016 d.
304 1975 527 2018 Fabulae
558 1975 872 2029 Euripideae
903 1979 1249 2030 argumentum
1288 1990 1393 2020 cum
1432 1978 1726 2021 narratione

656 2045 925 2087 Homerica
957 2048 1290 2099 comparatur.

332 2125 420 2166 Iam
454 2125 595 2177 paullo
627 2125 866 2167 accuratius
899 2125 1080 2168 fabulam
1103 2126 1375 2180 Euripideam
1403 2139 1494 2168 cum
1522 2126 1596 2170 Ocl.
1620 2126 1724 2169 libro

218 2205 324 2234 nono
371 2206 681 2246 componamus,
729 2196 775 2236 ut
812 2197 1016 2247 appareat
1053 2197 1260 2248 quatenus
1292 2195 1517 2248 Euripides
1555 2199 1725 2238 secutus

218 2261 272 2302 sit
318 2262 489 2304 Homeri
536 2263 786 2316 exemplum,
834 2265 1040 2317 quatenus
1088 2277 1140 2306 ex
1185 2277 1260 2307 suo
1305 2265 1494 2306 hauserit
1543 2265 1722 2317 ingenio.

218 2330 364 2383 Neque
412 2331 556 2372 mirum
603 2333 679 2383 est,
727 2332 837 2385 quod
883 2332 1108 2386 Euripides
1159 2345 1285 2386 saepe
1337 2332 1500 2375 fabulas
1547 2334 1724 2376 traditas

218 2398 404 2450 neglegit
435 2412 484 2441 ac
514 2400 705 2452 proprias
736 2400 827 2442 vias
858 2401 1103 2453 ingreditur,
1143 2402 1241 2455 quia
1277 2415 1326 2444 ea
1364 2404 1454 2444 erat
1491 2403 1722 2456 cupiditate

218 2479 283 2508 res
314 2467 613 2509 violentissime
644 2469 839 2521 novandi,
863 2472 910 2511 ut
929 2482 1003 2523 pro
1025 2470 1198 2513 rationis
1225 2471 1431 2513 humanae
1453 2471 1659 2524 dignitate
1681 2473 1723 2513 et

217 2547 291 2587 pro
313 2535 401 2577 iure
422 2539 725 2589 propugnaret3
750 2539 840 2580 erat
861 2538 969 2579 enim
990 2538 1330 2592 philosophorum
1353 2540 1515 2582 illorum
1537 2539 1722 2593 opinioni

218 2603 427 2656 addictus,
476 2605 545 2658 qui
588 2606 739 2648 rationi
780 2606 858 2648 soli
900 2607 1037 2649 omnia
1082 2607 1304 2651 tribuenda
1349 2621 1441 2651 esse
1487 2610 1721 2650 statuentes

217 2684 352 2713 rerum
384 2675 573 2715 naturam
607 2675 730 2716 etiam
769 2677 944 2718 naturae
984 2676 1147 2728 legibus
1186 2677 1397 2730 explicare
1429 2676 1720 2719 studebant³⁹.

331 2808 360 2828 ³⁷²²*
375 2809 427 2840 (js.
444 2810 487 2841 A.
503 2809 554 2842 W.
569 2812 737 2844 VERBA
744 2811 819 2852 LL,
834 2810 1030 2856 Euripides
1045 2813 1100 2847 tlte
1108 2813 1345 2855 Rationalist,
1362 2814 1610 2858 Cambridge,
1622 2815 1718 2848 1895.
