1825 3202
817 212 1101 250 —22—

480 336 538 375 ναὶ
569 336 622 380 ’δὶς
654 337 762 375 τόσον
795 333 893 388 πῶμ’
930 336 1015 374 ὅσον
1049 336 1093 373 ἂν
1126 326 1167 380 ἐξ
1201 336 1317 374 ἀσκοῦ
1350 333 1436 388 ῥυῇ,

209 433 249 471 et
295 429 404 482 quod
442 427 743 470 Boissonadius
790 427 981 478 coniecit,
1029 428 1088 466 καί
1134 439 1210 478 pro
1247 427 1305 465 ναί
1344 426 1546 479 codicum,
1587 427 1713 469 cadit.

210 499 441 551 Praecipue
472 500 611 539 autem
633 496 860 548 Euripides
892 509 984 538 cum
1010 497 1192 541 Homero
1214 509 1264 538 ea
1285 509 1329 538 re
1361 497 1580 549 consentit,
1604 497 1714 550 quod

210 571 383 620 uterque
416 567 578 608 dulcem
617 566 784 607 odorem
824 565 910 606 vini
942 565 1149 607 Maronici
1179 565 1398 618 praedicat
1429 564 1527 617 (Ου’.
1561 581 1569 605 ι
1601 564 1715 620 210),

570 692 576 698 ,
612 656 708 710 ὀδμὴ
741 655 772 696 3³
808 658 915 710 ἡδεῖα
948 658 1018 697 ἀπὸ
1052 657 1241 714 κρητῆρος
1275 657 1422 697 (jocabar)

486 729 679 781 θεσπεσίη,

211 822 360 876 quibus
392 820 521 862 verba
553 819 684 862 Sileni
714 820 938 873 gaudentis
970 820 1224 872 respondent
1255 822 1366 874 (eye.
1404 820 1513 874 153),

486 906 664 959 παπαιάξ,
700 913 752 956 ὡς
784 912 908 965 καλὴν
942 911 1063 965 ὀσμὴν
1097 913 1183 967 ἔχει.

211 1008 361 1059 Itaque
400 1018 492 1047 cum
531 1005 757 1058 Euripides
795 1005 1024 1047 Homerum
1064 1006 1142 1046 hac
1179 1005 1221 1046 in
1259 1017 1303 1046 re
1335 1007 1547 1058 sequatur,
1581 1017 1723 1046 omnes

212 1076 489 1126 coniecturae,
529 1073 680 1128 quibus
718 1073 797 1114 viri
835 1073 948 1115 docti
990 1073 1175 1128 Cyclopis
1214 1086 1378 1115 versum
1421 1077 1499 1115 153
1546 1073 1723 1125 tempta-

213 1146 376 1196 verunt,
408 1156 580 1196 prorsus
612 1142 911 1196 improbandae
943 1144 1052 1183 sunt.

331 1212 498 1254 Silenus
535 1211 665 1264 igitur
703 1211 858 1253 domini
896 1223 1065 1263 gregem
1105 1210 1202 1252 vino
1234 1210 1412 1252 libenter
1442 1212 1653 1264 permutat
1684 1213 1726 1252 et

214 1281 372 1335 profert
423 1294 445 1322 e
498 1281 665 1333 spelaeo
717 1293 849 1332 agnos
899 1280 965 1321 lac
1011 1291 1192 1331 caseum,
1240 1279 1391 1333 quibus
1438 1280 1577 1322 Ulixis
1623 1280 1726 1322 socii

214 1351 442 1404 potiuntur.
506 1350 629 1391 Hanc
661 1362 827 1402 quoque
859 1349 1109 1390 sententiam
1141 1348 1282 1389 hausit
1313 1351 1438 1401 poeta
1469 1362 1520 1390 ex
1552 1349 1727 1391 Homeri

216 1419 406 1461 versibus
441 1418 516 1460 Ocl.
541 1433 549 1457 ι
572 1422 811 1468 224—232,
844 1417 885 1458 in
918 1416 1069 1470 quibus
1102 1416 1274 1476 comites
1305 1417 1469 1459 Ulixem
1502 1420 1728 1469 precantur

217 1490 262 1530 ut
294 1501 444 1540 greges
477 1487 699 1540 cibumque
731 1485 810 1527 sibi
841 1485 966 1527 liceat
998 1487 1226 1538 asportare.

334 1570 565 1621 Hucusque
593 1566 777 1620 pertinet
807 1579 905 1619 pars
937 1566 1049 1618 prior
1071 1566 1137 1607 vel
1159 1566 1414 1617 prooemium
1448 1565 1613 1608 fabulae
1635 1580 1726 1608 cum

218 1638 467 1680 Homericae
499 1638 585 1678 tum
618 1635 891 1688 Euripideae;
924 1647 1023 1688 pars
1055 1635 1188 1676 altera
1219 1634 1367 1687 incipit
1397 1635 1573 1677 simulac
1605 1636 1728 1688 Poly-

218 1709 392 1761 phemus
415 1707 457 1748 in
475 1718 668 1748 scaenam
688 1704 905 1757 processit.
954 1704 1090 1746 'Panto
1112 1706 1269 1745 terrore
1289 1703 1453 1745 Achaei
1474 1704 1516 1745 in
1534 1703 1730 1757 Odyssea

219 1776 521 1830 opprimuntur,
555 1773 625 1816 ubi
658 1776 884 1816 monstrum
917 1775 1239 1825 conspexerunt,
1264 1775 1310 1814 ut
1340 1772 1512 1814 latebris
1544 1773 1653 1815 antri
1684 1786 1729 1815 se

220 1846 432 1887 occultent
463 1843 560 1897 (Od.
593 1859 602 1883 ι
633 1842 754 1892 236):

494 1938 602 1989 ἡμεῖς
633 1933 672 1975 δὲ
703 1935 892 1978 δείσαντες
925 1932 1156 1986 ἁπεῦῦύμεθ”
1193 1934 1231 1978 ἐς
1263 1934 1381 1988 μυχὸν
1415 1936 1560 1990 ἁντρου,

222 2030 263 2071 id
295 2030 404 2083 quod
437 2028 647 2081 significat
678 2027 904 2079 Euripides
936 2025 1127 2067 versibus
1163 2028 1252 2077 Cyc.
1282 2031 1514 2070 194—197.
1564 2028 1730 2071 Silenus

225 2111 320 2139 vero
345 2098 443 2139 viris
466 2098 627 2149 suadet,
651 2099 697 2138 ut
718 2097 759 2138 in
782 2096 993 2148 spelaeum
1018 2095 1275 2147 confugiant,
1298 2096 1340 2137 in
1358 2109 1439 2149 quo
1463 2097 1581 2138 multi
1602 2097 1731 2139 insint

224 2180 425 2208 recessus.
488 2166 569 2207 Sed
619 2164 802 2218 Cyclops
849 2165 984 2206 medio
1029 2164 1071 2205 in
1119 2164 1260 2206 labore
1299 2165 1497 2207 Achaeos
1534 2166 1731 2218 opprimit

225 2249 355 2287 agnos
388 2235 576 2287 protinus
609 2235 820 2287 rapientes
853 2236 894 2275 et
926 2246 1083 2275 caseos
1145 2233 1296 2286 Itaque
1327 2247 1401 2275 suo
1434 2234 1522 2276 iure
1554 2235 1730 2288 quaerit,

228 2305 415 2346 advenae
446 2307 583 2346 utrum
616 2305 799 2346 latrones
832 2303 898 2344 vel
931 2301 1043 2344 fures
1075 2302 1159 2343 sint
1190 2315 1320 2344 necne
1352 2303 1463 2356 (Cyc.
1497 2304 1614 2357 223):

499 2397 639 2449 λῃσταί
671 2410 763 2440 τινες
796 2397 979 2450 κατέσχον
1011 2396 1035 2448 ἢ
1070 2395 1220 2439 κλῶπες
1251 2395 1392 2450 χθονα;

228 2492 269 2530 et
299 2492 446 2541 postea
478 2489 643 2530 Ulixem
676 2489 810 2541 ipsum
842 2489 964 2540 rogat
995 2487 1105 2541 (ΟΨ.
1139 2487 1258 2541 275):

641 2615 648 2622 .
684 2615 690 2622 .
726 2615 733 2622 .
769 2612 777 2620 .
812 2580 927 2619 ποθεν
961 2578 1174 2623 ἐπλεώῦατ’,
1211 2582 1241 2619 (ἶ)
1275 2573 1388 2628 {eucig

504 2651 669 2691 ποδαποί.
704 2651 757 2695 τίς
790 2649 886 2703 ὑμᾶς
918 2643 1176 2697 ἐξεπαίδευσεν
1209 2651 1332 2695 πόλις

233 2740 394 2794 Quibus
428 2741 563 2782 verbis
588 2742 809 2795 Euripides
840 2743 881 2784 id
910 2742 1118 2795 exprimit,
1142 2743 1250 2796 quod
1275 2743 1484 2784 Homerus
1506 2741 1733 2795 &elopem

233 2822 284 2849 ex
317 2810 492 2849 Graecis
525 2814 791 2862 quaerentem
822 2810 928 2852 ‘facit
958 2810 1052 2865 (OA.
1086 2825 1095 2849 ι
1127 2811 1390 2854 252-255);
