1825 3202
828 214 1108 251 —ffiss

216 334 445 389 Cyclopum
484 334 704 387 domicilia,
745 337 860 376 actos
899 348 991 377 esse
1028 335 1141 378 dicit.
1204 334 1309 378 Cum
1355 338 1493 379 autem
1531 337 1716 380 Silenum

217 404 388 457 eiusque
419 403 591 445 comites
622 403 664 444 in
696 416 889 445 scaenam
923 405 1184 457 produceret,
1216 417 1389 447 necesse
1427 408 1516 448 erat
1552 408 1719 459 poetam

215 485 345 514 novas
390 473 466 513 has
512 484 713 524 personas
753 472 1016 525 aliquomodo
1055 486 1147 515 cum
1195 473 1337 516 fabula
1374 472 1578 527 Cyclopia
1623 487 1719 517 con-

214 541 399 592 iungere.
463 540 585 594 Quod
616 540 676 582 ita
707 540 819 592 fecit,
852 544 899 582 ut
931 540 1115 583 Silenum
1149 545 1190 584 et
1221 544 1385 596 satyros
1418 545 1563 596 captos
1594 543 1719 596 Poly-

214 610 363 661 phemo
413 609 644 651 servientes
696 609 869 662 eiusque
923 622 1073 662 greges
1123 612 1347 663 pascentes
1396 610 1586 664 fingeret,
1638 623 1719 665 quo

215 691 384 720 munere
420 678 463 719 in
500 676 696 730 Odyssea
734 678 1032 731 Polyphemus,
1072 680 1227 732 quippe
1264 679 1335 733 qui
1372 680 1485 721 solus
1522 679 1589 731 sit,
1629 679 1720 732 ipse

215 746 414 798 fungitur.
476 746 591 787 Nihil
622 745 751 798 igitur
782 747 925 799 negoti
957 747 994 788 ei
1026 749 1158 789 restat
1188 748 1268 790 nisi
1306 748 1553 790 sciscitandi
1581 750 1720 790 utrum

215 815 353 857 omnia
384 829 408 857 a
439 815 571 856 servis
604 817 717 857 recte
748 817 897 867 parata
929 816 1012 857 sint
1049 829 1192 858 necne.
1254 817 1481 858 Praeterea
1513 815 1720 870 Cyclopes

215 897 358 926 omnes
382 884 547 926 unoculi
570 882 775 937 (μονῶπες)
799 887 896 925 sunt
917 885 989 926 filii
1010 885 1210 938 Neptuni,
1230 886 1300 939 qui
1321 886 1508 927 homines
1531 885 1721 928 occidere

215 965 439 1006 eorumque
471 965 636 995 carnem
670 955 792 995 edere
824 954 971 1005 solent,
1004 954 1045 995 in
1074 952 1270 1006 Odyssea
1292 955 1576 1007 Polyphemus
1607 954 1720 996 solus

215 1020 401 1073 Neptuni
438 1021 546 1063 filius
585 1023 822 1075 appellatur
861 1035 995 1075 neque
1033 1023 1161 1064 ceteri
1193 1026 1266 1064 aut
1296 1023 1478 1064 humana
1510 1036 1635 1065 carne
1666 1022 1721 1065 ali

214 1092 286 1139 aut
319 1090 485 1132 unoculi
517 1103 609 1132 esse
641 1091 848 1133 dicuntur.

328 1170 579 1224 Quaerendo
626 1174 764 1213 autem
812 1185 861 1214 ac
907 1172 1250 1225 respondendo⁴⁰
1301 1185 1350 1214 ea
1396 1171 1634 1214 efficiuntur
1678 1171 1720 1212 in

213 1239 428 1292 Euripidis
447 1239 600 1291 fabula,
621 1254 727 1294 quae
746 1241 787 1282 in
805 1239 1001 1294 Odyssea
1018 1241 1154 1293 longis
1176 1240 1486 1283 narrationibus
1510 1240 1721 1293 explicata

212 1310 326 1356 sunt;
367 1308 518 1361 quibus
557 1309 791 1351 actionibus
828 1310 909 1351 ioci
947 1310 1143 1351 obscaeni
1182 1312 1224 1351 et
1260 1309 1406 1351 rustici
1444 1309 1515 1363 qui
1554 1311 1720 1362 satyros

213 1377 363 1418 decent
409 1378 629 1420 adduntur.
708 1378 773 1419 De
824 1391 952 1430 grege
1003 1382 1143 1420 autem
1194 1378 1443 1420 monendum
1495 1379 1559 1419 est
1609 1377 1721 1430 apud

214 1446 440 1488 Homerum
488 1459 579 1487 esse
625 1459 725 1488 oves
771 1452 812 1488 et
859 1447 1055 1499 capellas,
1103 1447 1230 1488 boves
1276 1447 1429 1495 nullos;
1477 1446 1720 1499 Euripidem

213 1516 358 1556 contra
397 1515 448 1556 de
485 1514 618 1556 bobus
657 1517 698 1556 et
736 1514 883 1557 ovibus
922 1515 1060 1557 dicere
1099 1516 1236 1568 capris
1269 1516 1445 1567 omissis,
1479 1515 1589 1569 quod
1621 1514 1721 1568 quin

213 1582 264 1623 ab
302 1582 505 1636 Euripide
551 1584 723 1626 consilio
770 1583 926 1626 factum
967 1585 1021 1626 sit
1059 1584 1241 1626 dubitari
1278 1597 1359 1626 non
1397 1585 1550 1637 potest,
1588 1596 1640 1625 ne
1686 1583 1722 1625 si

212 1664 359 1704 capros
390 1652 432 1693 in
454 1665 649 1694 scaenam
674 1653 955 1705 produxisset,
979 1653 1039 1694 illi
1062 1653 1416 1695 confunderentur
1437 1665 1528 1694 cum
1553 1654 1720 1705 satyris,

214 1720 284 1773 qni
316 1720 397 1772 ipsi
428 1733 593 1774 quoque
624 1721 804 1774 pellibus
836 1721 1009 1763 hirsutis
1031 1722 1167 1763 induti
1190 1723 1320 1764 erant.
1369 1722 1439 1763 Ac
1459 1721 1548 1762 fieri
1569 1722 1721 1773 potest,

212 1791 258 1829 nt
302 1789 485 1840 pecudes
533 1802 640 1842 quae
685 1803 760 1842 per
797 1802 992 1832 scaenam
1031 1793 1152 1832 actae
1190 1793 1287 1832 sunt
1332 1790 1520 1832 homines
1568 1789 1723 1831 fuerint

213 1857 391 1909 pellibus
425 1857 578 1899 vestiti.
643 1857 808 1911 Satyris
841 1861 979 1900 autem
1012 1861 1058 1900 ut
1089 1859 1130 1900 in
1163 1871 1316 1901 scaena
1354 1871 1567 1900 remanere
1598 1858 1724 1899 liceat

212 1928 378 1978 praeter
415 1938 484 1967 eos
522 1928 647 1978 poeta
684 1927 871 1979 tragicus
909 1927 1012 1968 alios
1051 1939 1194 1969 servos
1232 1926 1554 1984 (προσπόλουςᾘῐ
1592 1926 1721 1978 addit,

213 1995 284 2048 qui
315 1995 498 2047 pecudes
530 1996 572 2036 in
604 2008 733 2048 specu
766 1999 923 2049 curent,
958 1999 999 2038 et
1031 1999 1177 2039 contra
1207 1997 1382 2039 Homeri
1413 1997 1648 2049 exemplum
1680 1995 1723 2037 in

212 2066 444 2116 satyrorum
493 2063 636 2106 fabula
682 2078 807 2106 canes
854 2065 1122 2107 venaticos⁴²
1168 2064 1344 2119 Cyclopi
1395 2065 1599 2116 attribuit,
1651 2064 1723 2118 qui

214 2133 393 2173 venandi
425 2146 553 2174 causa
584 2132 684 2175 foris
716 2136 882 2175 tenetur
913 2134 1009 2175 dum
1044 2134 1191 2176 Ulixes
1223 2134 1433 2176 adveniat.

330 2212 453 2266 Quod
491 2213 543 2254 ad
575 2212 736 2255 fructus
768 2215 904 2255 terrae
937 2214 1101 2266 attinet,
1135 2227 1217 2256 non
1247 2214 1553 2266 neglegendum
1587 2215 1651 2255 est
1680 2213 1723 2255 in

215 2280 411 2333 Odyssea
442 2281 620 2323 insulam
643 2280 888 2334 Cyclopiam
911 2283 1094 2325 triticum
1118 2283 1317 2324 hordeum
1340 2295 1445 2324 uvas
1467 2295 1544 2324 sua
1575 2283 1724 2335 sponte

217 2349 414 2401 proferre,
438 2350 588 2403 quibus
611 2350 702 2392 cibo
727 2363 776 2392 ac
797 2353 899 2403 potu
922 2352 1206 2404 Polyphemus
1228 2352 1289 2393 uti
1310 2351 1456 2404 possit,
1478 2351 1721 2403 Euripidem

220 2420 364 2459 contra
386 2419 635 2460 mentionem
659 2419 1058 2461 nemsi-umentorum
1083 2419 1221 2462 facere
1242 2433 1320 2462 nec
1342 2420 1440 2472 vini,
1464 2432 1545 2473 quo
1577 2419 1723 2461 melius

331 2587 361 2610 40
387 2587 441 2621 Cf.
470 2589 549 2633 Cgse.
576 2590 757 2624 115—124
783 2602 873 2624 cum
900 2590 963 2625 Od.
991 2603 1002 2624 ι
1028 2592 1218 2625 105-115.
1258 2602 1356 2634 qnos
1391 2590 1550 2623 Homeri
1582 2599 1722 2623 versus

223 2646 433 2687 Euripides
459 2647 652 2680 artissime
679 2649 868 2691 sequitur.

332 2703 360 2726 4¹
388 2704 441 2737 Cf.
471 2704 549 2747 Cgsc.
575 2705 628 2737 83.
671 2705 863 2748 πρόσπολοι
897 2707 1055 2739 fuerunt
1090 2707 1205 2739 eliani
1237 2706 1341 2739 servi
1368 2705 1550 2741 scaenici,
1577 2704 1723 2747 quibus

224 2760 432 2802 Euripides
459 2761 646 2794 dramatis·
675 2763 853 2803 personis
880 2773 976 2796 usus
1004 2774 1088 2796 esse
1116 2763 1283 2796 videtur.

333 2818 362 2840 42
387 2818 441 2851 Of.
471 2817 551 2861 Cgyc.
578 2818 653 2859 130,
681 2818 838 2862 φροῦδος
863 2819 951 2864 πρὸς
977 2821 1082 2864 Αἴτνῃ
1110 2821 1225 2865 θῆρας
1250 2818 1406 2864 ἰχνεύων
1430 2819 1542 2853 κυσίν.
