1825 3202
694 215 969 253 -11-

82 337 286 389 lignorum
335 349 461 378 onera
502 335 582 378 fert
618 336 806 389 ingentia
844 335 1009 392 (ὄβριμον
1043 335 1195 390 ἄχθος),
1241 347 1436 388 magnam
1484 334 1593 387 gerit

83 407 244 448 clavam
277 405 390 460 (μέγα
423 407 620 462 ῥόπαλον).
673 406 739 448 Ex
772 407 910 448 ovium
935 419 1238 459 caprarumque
1261 406 1369 447 lacte
1400 405 1491 457 ipse
1513 404 1593 446 sibi

82 489 227 519 caseos
258 479 392 530 parat,
426 476 577 530 quibus
610 478 747 519 crates
779 476 1058 518 abundant2⁵.
1122 475 1249 517 Vasis
1282 477 1495 527 receptum
1527 475 1593 516 lac

82 548 236 587 servat.
286 545 532 587 Disiunctae
554 546 651 586 sunt
669 545 860 586 diversae
878 546 1038 586 aetates
1061 556 1262 596 agnorum
1286 545 1328 585 et
1344 543 1591 586 haedorum:

83 627 218 656 mares
249 618 291 656 et
324 613 502 656 feminae
532 614 575 655 in
616 613 793 655 stabulis
831 616 1100 666 separantum
1140 613 1312 654 interior
1348 625 1446 665 pars
1484 612 1592 653 antri

81 685 265 725 stercore
311 683 483 736 impleta
528 686 603 725 est.
666 683 815 735 Lignis
863 683 989 724 aridis
1036 683 1127 735 ipso
1167 682 1208 723 in
1246 681 1414 734 spelaeo
1452 681 1590 733 ignem

81 751 267 793 incendit
296 752 600 805 Polyphemus:
639 751 791 793 dormit
829 754 954 794 noctu
992 752 1100 792 inter
1136 750 1320 804 pecudes
1360 752 1518 791 stratus
1550 749 1590 790 in

81 820 268 873 virgulis.
331 819 462 863 Sibilo
494 820 579 862 acri
611 821 652 861 in
685 833 843 873 pascua
875 823 1000 874 atque
1033 820 1084 862 ad
1117 820 1250 861 undas
1288 831 1439 871 greges
1472 831 1591 859 mane

81 889 234 941 agit2⁹,
281 889 447 942 vesperi
493 889 718 932 reducit-³⁰.
781 888 978 942 Corporis
1016 889 1177 941 ingenti
1214 887 1361 930 robore
1399 887 1591 941 quamvis

80 956 226 1008 fretus,
259 960 398 1000 tamen
430 958 472 1000 in
504 958 752 1000 adhibendis
786 958 943 999 viribus
975 958 1098 1010 agilis
1131 971 1210 999 non
1245 959 1327 1008 est3
1360 956 1511 998 edendi
1542 968 1592 997 ac

81 1025 249 1068 bibendi
280 1026 576 1080 intemperans,
619 1026 834 1069 subtiliore
867 1040 992 1068 sensu
1023 1039 1073 1068 ac
1105 1025 1388 1068 misericordia
1420 1037 1591 1075 vacuus,

80 1095 161 1136 nisi
192 1096 316 1149 quod,
351 1098 396 1137 ut
426 1096 472 1137 fit
501 1095 544 1138 in
578 1095 812 1138 hominibus
845 1095 1095 1148 agrestibus,
1119 1095 1239 1147 gregi
1271 1107 1345 1136 suo
1368 1094 1592 1146 diligenter

80 1164 296 1217 prospicit,
329 1177 507 1218 quocum
540 1165 664 1206 etiam
698 1165 836 1206 verbis
870 1165 1134 1218 conloquitur
1172 1163 1305 1205 veluti
1336 1175 1430 1205 cum
1462 1161 1590 1203 homi-

80 1232 215 1284 nibus,
238 1245 342 1286 quos
363 1233 496 1286 ipsius
519 1234 736 1275 excaecati
760 1234 955 1275 misereat
969 1235 1019 1275 ³¹.
1067 1232 1246 1274 Rustica
1268 1235 1332 1274 est
1354 1231 1589 1284 prudentia,

80 1313 176 1342 nam
208 1301 319 1354 quod
345 1301 508 1343 Ulixem
541 1302 583 1343 in
615 1305 781 1343 antrum
814 1303 1012 1344 reducere
1035 1301 1152 1354 cupit
1183 1300 1384 1342 simulans
1416 1312 1460 1341 se
1483 1300 1592 1341 dona

81 1371 119 1413 ei
156 1372 348 1414 daturum
387 1385 480 1414 esse
517 1375 563 1414 ut
599 1373 767 1426 hospiti,
808 1373 907 1414 mihi
947 1373 1113 1415 videtur
1149 1376 1293 1414 tantae
1341 1371 1590 1413 rusticitatis

83 1452 175 1482 esse
213 1443 259 1482 ut
295 1441 429 1494 magis
466 1442 662 1483 stolidum
701 1455 825 1496 quam
865 1442 1053 1484 dolosum
1085 1442 1202 1484 dicas
1217 1443 1267 1482 ³2.
1329 1440 1420 1482 Nec
1452 1443 1591 1481 tamen

78 1509 204 1562 plane
234 1509 273 1551 ei
304 1510 423 1552 deest
453 1510 665 1553 cavillatio
698 1511 922 1564 quaedam:
956 1523 1038 1564 qua
1069 1512 1198 1552 vexat
1230 1509 1463 1560 Ulixem³³,
1497 1520 1589 1550 cum

79 1590 155 1630 per
203 1577 338 1620 iocum
386 1591 468 1621 non
518 1579 655 1621 minus
707 1579 887 1621 crudelis
939 1592 1063 1633 quam
1116 1579 1231 1620 rudis
1278 1578 1496 1631 promittat-
1546 1590 1591 1618 se

80 1647 268 1689 ultimum
302 1647 498 1690 comitum
532 1661 624 1689 eum
657 1648 953 1690 devoraturum
987 1661 1097 1696 esse;
1146 1648 1255 1689 unde
1293 1647 1335 1688 in
1366 1645 1590 1699 proverbio

80 1716 291 1761 Κύκλωπος
322 1717 446 1773 δωρεά
479 1717 546 1758 vel
577 1718 809 1758 κυκλ(·’)πειον
841 1719 953 1773 γέρας
991 1717 1144 1758 dicitur
1184 1716 1336 1758 donum
1375 1715 1484 1769 quod
1524 1715 1591 1756 cui

80 1788 204 1829 datur
233 1787 328 1840 plus
359 1787 500 1829 damni
531 1800 655 1841 quam
688 1787 883 1829 utilitatis
916 1787 1036 1829 affert
1050 1788 1099 1829 ³⁴.

421 1924 459 1967 b.
508 1924 582 1966 De
613 1923 923 1978 Cyclopibus
956 1925 1240 1967 Hesiodeis.

193 2003 266 2045 Ab
298 2004 495 2057 Homero,
528 2004 600 2058 qui
627 2003 836 2058 Cyclopes
868 2007 913 2046 ut
945 2005 1141 2047 mortales
1173 2005 1365 2058 quamvis
1398 2003 1590 2046 fabulosa

80 2072 123 2113 in
155 2072 393 2115 narrat-ione
425 2073 637 2125 describit,
671 2074 884 2115 Hesiodus
917 2086 1170 2127 magnopere
1209 2073 1359 2124 differt,
1394 2086 1485 2115 cum
1519 2086 1589 2115 eos

80 2143 292 2195 tamquam
328 2141 371 2183 in
409 2142 579 2184 deorum
620 2155 790 2184 numero
831 2145 971 2195 ponat.
1035 2142 1153 2185 Caeli
1190 2143 1299 2184 enim
1337 2146 1379 2184 et
1410 2142 1589 2184 Telluris

80 2209 186 2251 filios
231 2200 316 2251 tres
362 2223 454 2253 esse
498 2213 642 2252 narrat
687 2210 879 2263 superbis
926 2211 1087 2263 animis,
1127 2213 1225 2253 ante
1263 2212 1406 2253 Iovem
1453 2214 1588 2263 natOS,

80 2278 266 2320 Bronten
318 2281 360 2320 et
396 2278 602 2332 Steropen
655 2282 696 2321 et
736 2279 949 2321 robustum
989 2281 1208 2332 Argetem,
1247 2280 1320 2333 qui
1365 2292 1456 2321 cum
1496 2280 1589 2321 Iovi

79 2345 254 2388 fulmina
284 2347 506 2389 conficiant
535 2347 732 2389 videntur
763 2361 855 2389 eum
888 2348 1097 2390 dominum
1130 2361 1370 2401 agnoscere.
1423 2349 1584 2390 Horum

79 2417 230 2457 natura
261 2417 325 2457 est
355 2416 515 2465 divina;
546 2416 607 2458 illi
630 2416 843 2458 Homerici
875 2419 1020 2458 contra
1041 2420 1139 2458 sunt
1160 2417 1360 2469 homines,
1384 2419 1430 2459 ut
1461 2419 1586 2459 antea

79 2484 160 2527 iam
183 2484 377 2537 diximus,
400 2497 482 2527 non
504 2488 589 2527 tres
611 2485 685 2527 sed
706 2486 914 2538 permulti,
939 2486 1010 2539 qui
1031 2487 1141 2528 lacte
1163 2486 1382 2540 caseisque
1404 2487 1584 2529 aluntur.

192 2645 222 2669 '23
247 2646 300 2680 Cf.
330 2645 395 2681 Od.
419 2657 429 2678 ι
455 2645 530 2679 210.
557 2646 632 2679 2413.
919 2645 950 2669 32
975 2646 1030 2679 Cf.
1057 2644 1121 2680 Od.
1147 2658 1159 2678 ι
1182 2647 1249 2679 517
1274 2658 1353 2690 seq.

193 2701 223 2725 29
248 2703 302 2736 Cf.
330 2701 395 2736 Od.
421 2714 433 2734 ι.
457 2703 534 2737 217,
560 2703 636 2736 237,
663 2704 739 2736 315».
919 2703 949 2726 33
976 2704 1029 2737 Cf.
1057 2702 1121 2737 Od.
1148 2716 1158 2736 ι
1184 2705 1249 2737 355
1276 2716 1355 2747 seq.

192 2758 223 2783 30
248 2761 301 2793 Cf.
329 2758 394 2794 Od.
420 2771 432 2792 ι
456 2761 533 2800 336,
560 2761 637 2794 451.
664 2761 740 2793 ⁵233.
919 2760 951 2784 34
977 2761 1030 2794 Cf.
1055 2761 1411 2796 PLUTARCHUS.
1438 2762 1585 2806 Quaest.

192 2815 223 2840 3¹
249 2816 302 2850 Cf.
330 2815 395 2851 Od.
421 2828 432 2848 ι
455 2817 523 2850 447
548 2827 628 2859 seq.
973 2827 1089 2861 symp.
1116 2818 1212 2851 VIII
1228 2818 1260 2859 8,
1278 2818 1309 2852 3.
