1825 3202
842 228 1095 264 -4ω

220 349 408 400 infigunt.
470 346 663 389 Ceterum
712 347 881 400 dignum
921 351 985 390 est
1016 349 1126 403 quod
1155 352 1497 392 commemoretur
1526 351 1719 404 poculum

219 418 260 458 in
306 418 384 458 hac
429 416 572 458 tabula
613 416 769 458 deesse.
846 418 956 459 Illud
1004 430 1168 471 quoque
1214 431 1318 471 opus
1358 419 1524 461 videtur
1564 420 1720 462 saeculi

219 485 328 526 sexti
359 497 462 527 esse.

684 633 703 649 Q

685 647 722 676 0:
770 632 1037 677 Oenochoe
1067 635 1261 678 Attica.

332 725 487 766 Exstat
516 725 558 766 in
590 738 731 768 museo
761 726 1017 779 Napoleonis
1038 727 1109 768 ΠΙ
1140 727 1333 779 poculum
1366 726 1586 780 quoddam,
1609 728 1718 780 quod

218 793 372 835 Graeci
418 794 562 835 dicunt
607 795 790 850 οἰνοχόην,
838 794 982 847 figuris
1028 795 1160 847 nigris
1207 797 1408 837 ornatum.
1480 795 1603 849 Quod
1649 809 1725 838 vas

217 865 382 904 constat
430 863 470 904 iu
510 864 659 906 Attica
704 866 843 907 aetate
887 865 1028 917 paullo
1075 865 1305 907 recentiore
1354 864 1588 907 confectum
1632 878 1723 907 esse

217 932 366 985 (edidit
396 932 445 973 E.
480 931 622 984 Saglio
660 932 828 976 Gazette
860 934 1183 988 Arche'oloyz‘que
1221 933 1329 986 XII,
1361 946 1401 986 p.
1438 932 1495 986 1).
1555 934 1606 974 In
1645 935 1725 976 hac

216 1003 353 1042 autem
387 1000 568 1053 imagine
600 1001 790 1043 videmus
813 1002 1130 1055 Polyphemum,
1154 1002 1226 1055 qui
1256 1002 1387 1044 maior
1409 1004 1473 1044 est
1494 1015 1616 1056 quam
1649 1015 1724 1055 pro

215 1070 394 1111 humano
425 1069 584 1122 habitu,
609 1071 771 1113 clavam
794 1071 913 1113 nodis
936 1083 1126 1123 asperam
1149 1071 1345 1113 bracchio
1366 1071 1486 1112 laevo
1509 1072 1719 1113 tenentem

217 1141 257 1180 et
288 1139 328 1180 in
362 1141 480 1181 antro
512 1140 758 1181 reclinatum
782 1141 901 1182 oculo
924 1140 1093 1182 sinistro
1115 1152 1259 1182 somno
1290 1141 1337 1181 ut
1368 1139 1534 1181 videtur
1565 1140 1720 1182 clauso.

216 1208 310 1261 Qua
356 1208 574 1250 occasione
621 1209 762 1251 oblata
807 1209 887 1250 viri
934 1209 1015 1250 duo
1062 1208 1212 1250 armati
1247 1209 1388 1261 palum
1427 1208 1639 1250 ardentem
1680 1208 1722 1250 in

215 1278 376 1318 oculum
416 1276 592 1330 Cyclopi
637 1279 900 1320 dextrorsum
939 1278 1107 1319 trudere
1144 1280 1307 1330 parant.
1377 1278 1543 1319 Tertius
1581 1280 1718 1320 autem

217 1347 356 1387 exstat
407 1346 690 1398 adversarius,
744 1359 865 1400 quem
920 1347 1094 1388 alterum
1146 1347 1285 1399 palum
1337 1346 1426 1398 igni
1486 1346 1716 1388 calefacere

215 1415 505 1466 cognoscimus
538 1428 562 1457 a
593 1415 763 1458 sinistra
800 1418 921 1469 parte
958 1415 1139 1458 tabulae.
1201 1415 1286 1457 Hic
1323 1427 1488 1468 quoque
1524 1416 1718 1468 poculum

215 1484 344 1525 deest.

631 1647 667 1676 e:
714 1634 953 1677 Poculum
985 1633 1296 1676 Boeoticum.

326 1726 526 1767 Poculum
578 1726 822 1768 Boeoticum
876 1725 1005 1767 musei
1056 1724 1340 1766 Berolinensis
1390 1724 1535 1777 figuris
1588 1725 1719 1777 nigris

215 1796 403 1835 ornatum
438 1794 570 1836 edidit
601 1795 771 1836 Winter
803 1795 1172 1848 Arcleci'olofsischer
1195 1795 1402 1848 Aozzez'gyer
1435 1797 1555 1844 1895,
1588 1806 1628 1846 p.
1652 1798 1719 1836 35.

217 1861 346 1903 Cuius
386 1863 517 1904 altera
554 1863 597 1904 in
633 1865 754 1915 parte
786 1862 954 1904 Sirenes
992 1862 1184 1914 depictae
1216 1863 1325 1913 sunt,
1374 1862 1506 1903 altera
1538 1860 1720 1915 Cyclops

212 1944 438 1983 permagno
472 1944 644 1984 corpore
675 1932 718 1972 in
750 1933 868 1973 antro
901 1931 1140 1982 reclinatus,
1174 1943 1310 1984 quem,
1332 1929 1441 1972 facie
1473 1931 1525 1972 ad
1558 1943 1628 1972 eos
1650 1931 1721 1984 qui

213 2002 406 2052 spectant
438 2013 653 2052 conversa,
687 2000 784 2042 vino
816 2012 1043 2052 somnoque
1075 2011 1319 2052 oppressum
1359 2011 1450 2040 esse
1487 2012 1606 2041 nemo
1638 2012 1720 2041 non

214 2068 385 2120 videret,
433 2082 485 2110 ne
531 2069 566 2110 si
610 2069 805 2121 poculum
844 2068 1010 2121 quidem
1049 2068 1227 2119 deesset,
1267 2067 1377 2120 quod
1419 2069 1608 2120 apertum
1656 2070 1719 2110 est

213 2138 396 2189 elapsum
431 2150 522 2179 esse
554 2137 745 2179 manibus
767 2136 1017 2190 Polyphemi
1049 2138 1269 2189 postquam
1302 2135 1440 2177 ebrius
1472 2135 1609 2178 factus
1641 2138 1716 2179 est.

213 2206 437 2247 Praeterea
484 2207 622 2258 imago
670 2206 720 2247 de
768 2218 850 2259 qua
896 2205 1058 2257 agimus
1106 2217 1153 2246 eo
1198 2204 1374 2256 insignis
1413 2209 1477 2246 est
1514 2205 1623 2258 quod
1661 2205 1719 2246 ibi

212 2274 460 2327 Polyphemi
492 2275 600 2317 oculi
632 2274 752 2316 ambo
785 2274 942 2327 depicti
974 2276 1083 2325 sunt,
1106 2273 1149 2314 id
1181 2273 1291 2326 quod
1322 2285 1527 2326 nusquam
1560 2273 1600 2314 in
1624 2286 1716 2315 vas-

213 2343 316 2383 culis
349 2356 455 2395 quao
488 2344 602 2386 facta
633 2346 730 2385 sunt
761 2345 858 2385 ante
890 2343 1103 2385 saeculum
1125 2342 1315 2395 quintum
1338 2341 1561 2383 invenitur.
1610 2342 1716 2384 Nam

212 2411 344 2462 figura
374 2413 552 2454 rotunda
581 2412 623 2454 in
654 2414 825 2465 pectore
854 2412 992 2465 posita
1013 2411 1212 2464 papillam
1235 2410 1462 2463 significari
1484 2410 1536 2452 ab
1558 2410 1718 2452 artifice

212 2479 299 2520 sine
338 2480 461 2521 dubio
499 2481 567 2522 vel
603 2481 700 2522 inde
739 2480 1008 2533 consequitur
1044 2480 1154 2533 quod
1192 2481 1277 2521 tres
1316 2479 1394 2520 viri
1425 2478 1590 2520 barbati
1620 2479 1716 2532 palo

212 2560 292 2589 nou
327 2561 414 2589 eam
449 2549 632 2602 corporis
663 2551 825 2602 partem
859 2550 931 2590 sed
964 2549 1127 2591 oculum
1161 2548 1378 2590 dexterum
1409 2549 1572 2600 petunt.

326 2616 532 2669 Quoniam
570 2617 620 2658 de
657 2617 833 2670 picturis
872 2617 1053 2659 diximus
1091 2616 1243 2670 quibus
1282 2614 1464 2669 Cyclops
1511 2616 1715 2669 quomodo

210 2688 403 2725 caecetur
434 2685 694 2737 describitur,
727 2686 808 2728 iam
842 2686 893 2727 de
925 2686 984 2727 eis
1016 2685 1145 2727 verba
1176 2684 1377 2726 faciemus
1408 2696 1515 2737 quae
1547 2684 1714 2726 Ulixem

212 2765 263 2794 ex
295 2755 412 2794 antro
445 2754 727 2805 egredientem
761 2755 999 2797 ostendunt.
