1825 3202
88 324 181 367 loco
211 324 337 368 sicuti
368 326 479 379 apud
501 325 729 368 Homerum
752 323 934 378 Cyclops
967 326 1107 368 vinum
1141 330 1378 381 noverat⁴⁵,
1411 329 1485 370 sed
1512 341 1591 371 non

88 393 144 445 id,
177 393 295 435 cuius
326 394 476 437 Ulixes
521 394 662 447 paullo
700 396 824 436 antea
862 394 952 436 sine
984 394 1109 436 dubio
1142 397 1391 438 mentionem
1423 397 1592 450 fecerat,

88 462 276 504 Maronis
307 462 472 505 nomine
503 475 603 504 usus
634 475 709 515 pro
740 475 849 515 novo
881 462 1020 516 aliquo
1052 465 1094 504 et
1124 463 1311 506 inaudito
1340 466 1477 508 adhuc
1508 467 1595 508 vini

88 543 254 583 genere.
330 531 450 573 Maro
501 531 631 584 igitur
681 543 773 573 cum
825 531 966 572 vinum
1019 531 1257 583 significare
1307 535 1441 587 possit
1486 535 1595 576 sicut

87 599 284 641 Bacchus
322 612 494 642 necesse
531 601 595 642 est
632 599 773 653 aliqua
809 600 970 641 ratione
1017 612 1110 641 cum
1148 601 1302 643 Libero
1349 602 1595 645 coniunctus

88 667 156 720 sit,
188 668 278 710 sive
308 672 355 710 ut
385 668 493 712 filius
524 668 614 710 sive
645 671 692 710 ut
723 668 919 710 sacerdos
942 668 1032 710 sive
1054 669 1186 711 aliter.
1239 670 1330 712 Nec
1351 673 1490 713 tamen
1518 685 1594 723 ego

88 748 133 779 cl
135 736 335 780 edlderim
344 735 560 779 Cratinum
577 749 780 789 primum
765 737 981 779 Maronem
999 749 1092 778 cum
1104 738 1272 780 Baccho
1290 739 1595 792 conexiiisseffi,

88 805 198 859 quod
245 807 287 847 et
331 805 461 847 verba
505 805 638 858 ipsius
685 806 859 848 Homeri
905 805 1064 863 Μάρων,
1106 806 1318 853 Ἐυᾰνθεος
1365 809 1438 848 uid:
1501 810 1552 866 ἱρ;
1557 826 1597 854 υς

83 871 334 920 Ἀπόλλωνος
378 873 516 928 (Odm
550 875 788 928 197-198)
832 878 1078 929 monstr‚ant
1126 877 1331 931 siquidem
1378 878 1596 922 Euanthes

87 945 196 988 filius
241 947 306 987 est
351 945 520 987 Bacchi.
584 946 655 986 Ac
699 957 798 987 v·e10
839 944 1018 999 Satyrus
1065 947 1178 1000 apud
1217 948 1495 1001 Theophilum
1541 952 1597 991 acl

89 1015 335 1065 Autolycum
373 1014 419 1055 II
448 1027 489 1067 p.
524 1018 577 1055 94
623 1014 840 1056 Maronem
887 1015 1014 1057 filium
1063 1017 1250 1069 appellat
1296 1017 1509 1060 Ariadnes
1556 1021 1598 1060 et

88 1082 312 1135 Bacchi47,
360 1095 538 1136 quocum
585 1083 779 1135 congruit
825 1084 1029 1126 scholium
1076 1086 1128 1126 ad
1170 1085 1247 1128 Od.
1281 1102 1289 1126 ν.
1324 1091 1416 1139 197,
1451 1088 1596 1144 Μάρων

85 1148 290 1197 Ευᾰνθεος
336 1153 423 1198 υιός,
472 1154 490 1193 ὁ
537 1152 577 1193 δε
617 1153 795 1208 Ευάνῦης
834 1155 909 1199 υἱὸς
947 1155 1134 1197 Διονυσου
1198 1155 1338 1198 Etiam
1384 1158 1597 1200 Hesiodus

87 1224 302 1266 Maronem
349 1236 442 1266 cum
480 1223 635 1266 Libero
682 1224 949 1266 coniunxisse
995 1226 1180 1275 videtui:
1227 1239 1322 1268 nam
1370 1228 1598 1270 scholiasta

88 1294 258 1335 auctore
290 1305 383 1334 eum
414 1292 542 1334 filium
575 1295 700 1335 vocat
723 1291 994 1347 Oenopionis‚
1019 1294 1093 1336 filii
1114 1295 1287 1338 Bacchi.
1340 1295 1408 1337 Ex
1440 1298 1598 1340 scholio

88 1367 227 1404 autem
274 1361 327 1403 ad
374 1361 517 1414 Apoll.
565 1361 802 1404 Rl10d.111
841 1366 921 1404 997
969 1363 1182 1416 adscripto
1229 1364 1512 1417 intellegimus
1558 1369 1600 1408 et

87 1430 326 1473 Euanthem
364 1432 407 1472 et
443 1429 730 1483 Oenopionen]
772 1430 923 1473 fratres
960 1431 1090 1474 fuisse
1129 1432 1235 1475 filios
1273 1434 1433 1476 Bacchi
1472 1437 1598 1488 atque

88 1499 367 1542 Ariadnes4ss.
448 1499 572 1542 Unde
624 1503 801 1553 apparet
851 1501 1116 1543 veterrimam
1178 1501 1308 1544 fuisse
1359 1504 1597 1546 memoriam

87 1568 303 1610 Maronem
320 1570 409 1611 tam
424 1568 551 1610 filium
576 1568 665 1611 sive
687 1572 880 1622 nepotem
904 1568 1034 1612 fuisse
1055 1571 1216 1614 Bacchi
1238 1584 1362 1626 quam
1385 1573 1598 1626 Apollinis

87 1637 360 1690 sacerdotem,
393 1639 440 1679 ut
470 1637 599 1680 refert
628 1638 851 1681 Homerus.
915 1637 997 1680 Sed
1036 1640 1289 1683 scholiastae
1327 1641 1597 1694 mirabantur,

87 1707 200 1760 quod
237 1707 446 1748 Homerus
477 1707 693 1749 Bacchum
733 1707 819 1749 vini
855 1707 1114 1751 inventorem
1153 1722 1235 1752 non
1267 1711 1492 1763 attulisset,
1525 1712 1599 1752 sed

88 1776 303 1817 Maronem
337 1775 551 1829 Apollinis
582 1777 723 1829 potius
762 1777 1021 1819 sacerdotem
1061 1777 1232 1821 fecisset
1269 1792 1391 1833 quam
1425 1780 1598 1832 Bacchi,

87 1844 333 1897 praesertim
367 1857 460 1887 cum
493 1845 545 1886 de
577 1845 674 1888 vino
706 1846 968 1898 potissimum
1007 1849 1216 1900 ageretur.
1279 1848 1403 1903 Quod
1442 1848 1598 1891 factum

88 1914 153 1955 est
197 1926 290 1955 mea
335 1913 545 1956 sententia
581 1917 806 1968 propterea
851 1915 962 1969 quod
999 1916 1166 1972 εὐανθής
1203 1917 1419 1970 epitheton
1456 1918 1601 1961 Liberi

87 1996 171 2025 non
200 1983 510 2026 intellexerunt.
558 1983 752 2038 Namque
783 1985 962 2040 εὐανθής,
997 1986 1092 2029 bene
1113 1988 1309 2042 floridus,
1333 2000 1385 2029 ex
1413 1988 1600 2041 epitheto

88 2053 250 2095 Bacchi
281 2065 513 2106 cognomen
545 2056 610 2095 est
640 2052 797 2096 facturn
821 2058 998 2098 accentu
1029 2058 1189 2098 mutato
1223 2057 1412 2111 Εὐάνθης.
1477 2057 1601 2112 Quod

89 2122 215 2165 etiam
254 2123 504 2166 Athenaeus
550 2125 731 2166 testatur
768 2125 1038 2167 Phanodemo
1085 2128 1268 2179 auctore,
1316 2140 1409 2169 cum
1456 2128 1603 2170 scribit

88 2191 155 2233 XI
177 2195 313 2235 465a:
345 2193 531 2247 ἡσθέντες
562 2194 623 2246 <oi
650 2190 878 2249 'Ae-qucum>
911 2195 973 2235 οὖν
1005 2195 1056 2249 τῇ
1087 2200 1215 2253 κράσει
1243 2196 1280 2236 ἐν
1304 2196 1416 2252 ᾠδαῖς
1438 2197 1601 2252 ἔμελπον

203 2351 235 2374 45
260 2351 314 2385 Cf.
343 2351 408 2388 Od.
434 2365 447 2386 ι
470 2353 547 2388 357.

202 2407 233 2430 ‘¹⁶³
258 2408 313 2443 Cf.
339 2409 508 2443 NONNI
534 2411 593 2444 XI
621 2412 696 2445 121.
722 2412 819 2445 XIV
846 2413 889 2445 99
916 2424 958 2446 ac
987 2414 1144 2456 passim.
1178 2418 1213 2448 et
1246 2415 1600 2449 PHILOSTRATI

92 2464 236 2499 Hernici
261 2476 297 2508 p.
325 2467 400 2500 (301.

203 2522 233 2546 ⁴7
258 2523 312 2557 Cf.
339 2522 492 2568 Fra-qm.
517 2523 600 2559 hist.
628 2525 756 2561 Graec.
783 2527 841 2560 ΠΙ
868 2538 902 2569 p.
927 2528 1000 2565 104,
1027 2527 1198 2572 Μαρωνὶς
1225 2527 1296 2562 ἀπὸ
1323 2529 1497 2573 Μάρωνος
1524 2530 1601 2563 υἱοῦ

92 2576 272 2623 Ἀριάδνης
297 2579 356 2612 καὶ
384 2580 564 2615 Διονύσου.

203 2637 234 2660 40·
259 2638 504 2680 Oenopionis
543 2640 790 2673 domicilium
828 2644 911 2675 erat
951 2641 1067 2675 Chios
1104 2642 1246 2683 insula⁷
1285 2654 1362 2686 quo
1403 2654 1450 2677 ex
1486 2644 1598 2678 Creta

91 2697 262 2727 venerat.
311 2695 414 2728 Vide
442 2696 700 2730 APOLLOD.
728 2697 808 2731 bibl.
835 2699 852 2731 I
877 2699 909 2732 4.
924 2699 961 2732 3:
983 2699 1128 2733 PAFS.
1148 2701 1222 2733 VII
1240 2701 1272 2736 4.
1287 2704 1324 2734 8:
1351 2702 1493 2734 DIOD.
1513 2702 1601 2736 SIC.

92 2751 127 2784 V
153 2751 260 2792 79‚1;
299 2753 477 2786 HYGIN.
503 2754 521 2786 Ι
547 2753 590 2786 22
629 2759 663 2786 et
702 2755 740 2788 II
767 2755 842 2789 129.
893 2756 946 2789 Cf.
984 2757 1060 2790 FR.
1089 2757 1277 2792 OSANN.
1311 2757 1492 2802 Oenopion
1527 2760 1603 2793 mid

91 2806 186 2842 scine
211 2806 437 2853 Sippschaft,
464 2811 565 2844 Miis.
592 2811 714 2845 Rhen.
742 2813 815 2846 vol.
842 2813 910 2855 111,
938 2813 1037 2855 1835,
1062 2825 1099 2856 p.
1126 2815 1190 2848 241
1219 2826 1298 2858 seq.

1427 2873 1465 2896 ·)*
