1825 3202
826 220 1109 257 „10—

556 376 623 418 De
657 376 946 430 Polyphemo
979 376 1157 419 litteris
1189 377 1384 419 tradito.

606 481 641 509 a.
692 468 762 509 De
795 467 1016 520 Cyclope
1051 468 1328 510 Homerico,

331 547 519 588 Litterae
550 548 793 600 posterioris
825 548 976 590 aetatis
1010 547 1156 590 falsam
1180 549 1389 590 notionem
1413 547 1644 602 Cyclopum
1669 563 1721 591 ex

218 616 398 657 Homero
431 619 709 669 sumpserunt,
744 618 855 669 apud
887 630 1007 670 quem
1042 618 1199 659 nullum
1232 617 1397 659 omnino
1428 617 1626 659 indicium
1658 621 1723 660 est

217 684 517 736 Polyphemum
557 698 682 726 unum
722 685 793 738 qui
831 686 967 727 media
1004 686 1045 727 in
1084 685 1219 728 fronte
1257 686 1363 727 situs
1401 688 1512 728 esset
1558 687 1721 728 oculum

217 752 424 804 habuisse,
465 767 599 806 neque
637 754 687 795 de
727 754 876 796 ceteris
909 753 1166 807 Cyclopibus
1198 756 1281 797 tale
1322 755 1421 808 quid
1453 755 1495 796 in
1527 753 1723 807 Odyssea

214 822 449 862 invenimus
481 823 695 875 scriptum.
749 823 867 865 Unde
899 824 1186 865 concludimus
1218 822 1442 877 Clyclopes
1475 824 1722 866 Homericos

215 902 295 931 non
347 890 541 942 gigantes
593 890 734 943 fuisse,
787 892 828 933 id
879 899 943 933 est
994 892 1106 943 deos,
1158 893 1231 933 sed
1283 892 1470 934 homines
1521 892 1722 945 superbos

215 958 500 1015 (ὑπερφιάλους)
532 960 625 1001 illos
657 960 822 1013 quidem
857 963 898 1002 et
929 961 1000 1014 qui
1030 960 1194 1013 legibus
1226 963 1416 1002 carerent
1447 962 1721 1018 (ἀθεμίστους),

215 1031 399 1070 attamen
432 1030 494 1071 dis
527 1030 829 1072 immortalibus
862 1031 1117 1073 confidentes
1156 1029 1290 1086 (θεοῖσι
1322 1032 1545 1077 πεπειθότας
1577 1033 1721 1072 ἀθανα-

215 1100 353 1154 mesra).
419 1100 642 1141 Fructibus
675 1103 814 1142 autem
846 1114 982 1154 neque
1014 1103 1201 1143 serentes
1233 1114 1367 1155 neque
1390 1103 1557 1144 arantes
1577 1114 1722 1155 ‘vesce-

215 1170 366 1211 bantur
412 1172 547 1210 terrae
588 1170 789 1214 incultaez
838 1183 945 1223 quae
982 1173 1066 1211 tam
1105 1171 1274 1223 pinguis
1313 1173 1415 1222 erat,
1455 1174 1501 1213 ut
1539 1171 1722 1213 triticum

215 1239 412 1280 hordeum
446 1238 601 1289 vinum,
635 1239 772 1279 omnia
803 1239 983 1292 denique
1015 1251 1091 1280 sua
1122 1241 1271 1292 sponte
1309 1240 1513 1292 gigneret.
1575 1240 1723 1294 Neque

214 1321 312 1349 vero
345 1320 472 1359 regno
505 1307 587 1348 ullo
620 1307 846 1349 utebantur
876 1320 955 1349 nec
986 1307 1189 1350 societate
1227 1308 1408 1351 moribus
1448 1311 1521 1351 aut
1559 1309 1723 1362 legibus

215 1376 455 1427 constituta,
495 1376 568 1417 sed
606 1376 689 1417 ritu
726 1375 993 1418 barbarorum
1034 1377 1256 1429 speluncas
1294 1377 1336 1418 in
1374 1378 1573 1420 montium
1612 1378 1723 1431 iugis

214 1446 317 1486 sitas
359 1444 618 1496 habitabant,
668 1444 737 1485 ubi
768 1445 810 1485 in
842 1457 958 1486 suam
992 1445 1169 1498 quisque
1201 1444 1399 1487 familiam
1432 1446 1724 1488 dominabatur

215 1513 413 1556 fratribus
432 1513 580 1555 vicinis
599 1514 802 1565 neglectis
815 1515 867 1556 ²⁵.
907 1514 1211 1566 Polyphemum
1231 1516 1369 1556 autem
1386 1515 1523 1568 ipsum
1545 1515 1723 1568 legimus

214 1584 344 1625 solum
392 1582 549 1623 vixisse
595 1583 740 1635 procul
786 1595 810 1624 a
856 1582 1006 1624 ceteris
1053 1583 1094 1624 in
1141 1586 1261 1625 antro
1306 1596 1437 1636 prope
1475 1597 1588 1626 mare
1628 1584 1721 1637 sito,

213 1652 420 1693 hominem
452 1651 635 1703 ingentis
674 1651 974 1703 magnitudinis
1014 1654 1141 1704 atque
1178 1652 1219 1693 in
1259 1652 1483 1694 solitudine
1521 1666 1603 1706 qua
1636 1656 1723 1695 ute-

214 1721 336 1762 batur
368 1720 542 1761 similem
566 1720 718 1761 montis
740 1720 946 1761 cacumini
969 1720 1164 1762 silvestri.
1223 1720 1354 1763 Cuius
1376 1721 1418 1762 in
1446 1724 1565 1764 ant-ro
1597 1725 1724 1776 atque

216 1790 258 1830 in
301 1789 397 1830 aula
435 1788 554 1829 multi
592 1788 730 1830 ovium
769 1801 921 1841 greges
956 1790 998 1830 et
1038 1790 1292 1841 capellarum
1341 1789 1572 1843 alebantur,
1620 1804 1724 1845 quos

214 1858 498 1910 Polyphemus
535 1857 717 1899 interdiu
754 1858 899 1910 procul
938 1871 962 1899 a
1002 1857 1200 1900 fratribus
1245 1858 1511 1911 pascebat2ss.
1575 1860 1723 1913 Neque

214 1926 358 1967 mirum
392 1928 456 1967 est
487 1926 611 1979 quod,
644 1939 725 1979 quo
763 1926 896 1978 magis
934 1926 1102 1979 placeat
1139 1925 1283 1968 fabula
1321 1927 1560 1979 lectoribus,
1597 1930 1724 1981 poeta

214 1995 400 2047 epitheta
433 1996 562 2036 mult-a
594 1995 711 2036 addit
742 1995 784 2036 in
817 1996 1075 2048 Polyphemo
1108 1995 1396 2047 describendo,
1437 2009 1545 2050 quae
1584 1999 1723 2039 tamen

215 2076 347 2116 neque
378 2064 499 2115 plura
531 2066 628 2105 sunt
659 2077 795 2117 neque
826 2064 1022 2116 graviora
1053 2064 1125 2116 eis,
1150 2063 1301 2117 quibus
1330 2065 1422 2106 aliis
1454 2065 1496 2106 in
1528 2064 1723 2108 heroibus

216 2132 274 2173 uti
292 2133 408 2175 solet.
458 2133 625 2174 Dicitur
644 2133 751 2174 enim
770 2134 1055 2186 Polyphemus
1074 2133 1262 2186 Neptuni
1278 2134 1387 2175 filius
1406 2146 1455 2175 ac
1472 2134 1722 2186 Thoosae²⁷‚

215 2213 322 2252 quae
367 2200 459 2253 ipsa
504 2202 690 2254 nympha
736 2204 800 2243 est
838 2201 1043 2254 Phorcyis
1080 2201 1177 2254 filia,
1217 2202 1500 2244 validissimus
1542 2203 1722 2244 omnium

215 2267 445 2321 Pyclopunl
478 2269 607 2312 fuisse
640 2274 793 2327 (κράτος
826 2271 902 2310 ἐστὶ
934 2273 1116 2324 μέγιστον,
1149 2272 1321 2325 μεγάλην
1353 2271 1553 2324 ἐπιειμένος
1586 2272 1721 2326 ἀλκήν,

216 2341 399 2394 φέρω-αις.
441 2341 652 2396 κρατερός),
701 2341 849 2393 ingens
901 2342 1027 2394 atque
1078 2341 1258 2393 agrestis
1305 2342 1519 2398 (πελώριος,
1569 2341 1721 2398 ἄγριος),

220 2410 434 2460 praeditus
482 2423 583 2452 voce
631 2410 752 2462 gravi
797 2410 982 2466 (φθόγγον
1016 2410 1161 2468 βαρύν),
1210 2414 1437 2453 monstrum
1485 2412 1600 2464 leges
1645 2425 1727 2454 non

221 2490 453 2529 agnoscens
487 2481 631 2537 (πέλωρ
665 2482 864 2534 ἀθεμίστια
897 2481 1020 2537 εἰδώς)
1052 2484 1094 2523 et
1125 2482 1262 2524 carnis
1295 2482 1491 2535 cupidum
1522 2482 1728 2524 humanae

221 2547 500 2603 (ἀνδροφᾱῑος).
550 2550 726 2602 Lapidis
748 2550 939 2592 immensi
961 2551 1067 2593 mole
1094 2551 1320 2604 speluncae
1340 2553 1503 2604 portam
1535 2550 1726 2603 obstruit,

335 2707 364 2729 2⁵
390 2710 443 2741 ef.
472 2708 537 2743 ι’)(ῑ.
564 2722 572 2742 ι
602 2712 791 2745 ωῑμιιῖ».

335 2764 364 2786 ’-’“
391 2767 443 2798 (Ὕ.
472 2766 536 2800 (M.
563 2779 575 2799 ι
602 2769 791 2802 lbljlllss.

337 2821 364 2842 2?
392 2824 444 2855 (Ὺ.
473 2822 536 2856 (Μ.
565 2837 586 2855 cc
612 2825 756 2860 70---72,
785 2830 817 2859 el
848 2837 968 2868 supra
994 2837 1030 2868 p.
1058 2826 1087 2859 7.
