1825 3202
79 354 233 389 scaena
277 349 424 400 potare
467 346 621 400 pergit,
668 359 775 400 quae
820 348 994 400 potamii
1032 361 1184 390 scaena
1226 350 1484 392 iocosissime
1530 349 1581 392 ab

79 415 282 469 Euripide
327 416 419 469 ipso
465 416 638 457 inventa
683 417 747 457 est
792 414 900 470 (oye.
937 417 1192 470 519—589),
1239 418 1299 459 ita
1344 421 1498 469 tamen,
1539 421 1584 460 ut

80 484 243 526 duabus
274 484 316 526 in
338 485 462 526 rebus
485 485 724 537 exemplum
748 484 922 526 Homeri
944 485 1193 527 imitandum
1217 486 1295 527 sibi
1319 490 1581 540 proponeret.

80 553 263 607 primum
286 554 396 607 quod
419 554 567 596 Ulixes
589 554 762 596 simulat
782 567 827 595 se
850 554 1067 596 Neminem
1090 554 1232 608 (Οὐ-τιν)
1257 557 1409 607 vocari,
1434 558 1583 599 deinde

81 623 192 675 quod
222 623 510 676 Polyphemus
545 623 767 676 pollicetur
803 636 847 664 se
884 624 1128 675 largitorem
1162 625 1260 676 vini,
1293 627 1339 665 ut
1376 626 1583 678 hospitale

81 691 236 733 donum
267 691 481 745 praebeat,
509 692 704 734 ultimum
732 692 1030 734 devoraturum
1064 705 1154 734 csse
1177 693 1273 747 (Od.
1297 709 1305 733 ι
1327 698 1582 742 360—370).

82 760 305 802 Potatione
325 760 444 803 finita
464 761 752 815 Polyphemus
785 761 826 802 in
859 763 1027 804 antrum
1050 762 1219 813 recedit,
1247 762 1317 804 ubi
1339 777 1436 805 mox
1469 766 1589 816 gravi

82 841 227 871 somno
260 829 521 883 opprimitur.
585 829 679 884 Quo
717 830 919 883 temporis
956 833 1113 883 puncto
1154 831 1301 873 Ulixes
1340 835 1505 885 satyros
1546 836 1591 875 ut

81 897 221 951 ipsum
252 898 295 940 in
326 897 593 940 obcaecando
624 901 811 941 monstro
833 899 1035 940 adiuvent
1056 900 1315 952 adhortatur,
1340 902 1588 954 praesertim

83 979 179 1009 cum
211 965 394 1020 Cyclops
432 967 536 1010 adeo
584 980 811 1020 oppressus
858 967 913 1009 sit
958 968 1068 1019 vino,
1118 971 1163 1009 ut
1210 969 1327 1010 brevi
1375 971 1589 1013 hominum

83 1048 252 1077 carnem
271 1038 396 1078 antea
413 1036 657 1079 devoratam
676 1037 934 1079 evomiturus
958 1039 1080 1078 esset.
1132 1037 1227 1091 Qua
1250 1039 1290 1079 in
1314 1039 1590 1082 affirmatione

83 1104 187 1147 satis
218 1103 401 1146 mirabili
431 1103 544 1160 (ΟΨ.
579 1106 690 1158 591),

358 1191 460 1232 ἔνδον
494 1190 560 1244 μὲν
594 1193 702 1248 ἁνήρ·
737 1188 790 1247 τῷ
820 1191 851 1232 δ’
889 1191 988 1246 ὕπνῳ
1022 1194 1242 1248 παρειμένος

357 1260 442 1318 τάχ’
477 1257 519 1308 ἐξ
552 1263 723 1307 ἀναιῧοῦς
756 1267 922 1319 φάρυγος
955 1263 1100 1317 (ι’)ὓήῦει
1134 1265 1239 1320 κρέα,

85 1355 311 1408 Euripides
334 1355 510 1397 Homeri
532 1356 724 1408 exemplo
748 1356 891 1407 utitur,
925 1357 1034 1409 quod
1064 1359 1128 1397 est
1150 1356 1190 1397 in
1217 1358 1292 1396 (m.
1317 1373 1324 1395 ι
1348 1361 1428 1397 373
1445 1383 1469 1385 —
1491 1362 1591 1399 374:

629 1481 637 1489 .
671 1453 836 1505 φάρυγος
869 1449 898 1488 δ’
935 1451 1113 1494 εςεπυτο
1147 1455 1243 1493 οἰνος

360 1519 483 1573 ψωμοί
515 1517 546 1557 τ’
582 1519 790 1574 ἀνδρόμεοι·
826 1520 843 1557 ὁ
877 1519 908 1559 δ’
945 1520 1112 1575 ἐρεύγετο
1147 1519 1395 1575 οἰνοβαρείων.

87 1611 208 1665 Quae
228 1611 358 1653 verba
378 1611 610 1664 Euripidea
633 1624 680 1653 eo
702 1612 958 1654 mirabiliora
986 1614 1095 1663 sunt,
1119 1613 1230 1666 quod
1262 1615 1375 1655 recte
1406 1613 1595 1665 intellegi

87 1693 169 1723 non
206 1686 384 1734 possunt
421 1680 502 1722 nisi
539 1680 591 1722 ab
629 1681 702 1732 eis,
742 1681 813 1735 qui
843 1682 1021 1723 Homeri
1058 1682 1343 1723 narrationem
1381 1682 1593 1735 cognitam

86 1749 281 1792 habeant.
343 1749 570 1803 Euripides
601 1749 731 1802 igitur
762 1750 900 1792 iocose
932 1751 1102 1793 Ulixem
1142 1751 1453 1804 praedicentem
1494 1751 1596 1793 facit

88 1819 199 1873 quod
236 1819 349 1872 apud
381 1819 612 1861 Homerum
650 1822 764 1860 recte
802 1822 946 1861 narrat
984 1826 1215 1873 peractum.
1281 1821 1434 1861 Postea
1472 1821 1596 1873 Poly-

88 1890 266 1942 phemus
298 1888 350 1930 ab
383 1888 509 1930 Ulixe
546 1889 753 1930 sociorum
794 1889 949 1931 auxilio
989 1893 1255 1940 excaecatus,
1289 1889 1400 1942 quod
1432 1888 1595 1930 facinus

88 1958 222 2011 satyri
257 1970 338 2000 non
377 1960 424 1999 ut
459 1958 742 2010 promiserunt
779 1959 942 2011 agendo
981 1959 1052 1999 sed
1093 1959 1280 2000 canendo
1322 1960 1485 1999 tantum
1525 1959 1595 1999 ad-

88 2028 248 2079 iuvant,
281 2040 334 2069 ex
365 2039 495 2080 specu
528 2040 681 2079 magno
714 2040 809 2069 cum
842 2027 1009 2069 fremitu
1049 2028 1089 2068 in
1128 2040 1324 2069 scaenam
1358 2026 1516 2079 effugit,
1551 2030 1597 2068 ut

91 2095 310 2138 Neminem
347 2099 535 2150 quaerat.
597 2095 680 2138 Sed
713 2097 847 2149 satyri
885 2097 923 2137 ei
962 2097 1143 2137 illudunt
1175 2096 1301 2137 verbo
1335 2096 1431 2140 οῦτις
1462 2096 1594 2149 abusi,

90 2166 201 2219 quod
232 2165 393 2208 faciunt
423 2167 554 2208 nescii
575 2165 786 2220 Cyclopes
818 2165 969 2208 fratres
1001 2167 1041 2207 in
1066 2165 1262 2219 Odyssea
1283 2167 1295 2213 (
1302 2182 1309 2204 ι
1333 2171 1591 2220 ios—ssah

365 2247 396 2287 ὦ
430 2248 543 2304 φίλοι,
578 2246 691 2292 Οὖτίς
723 2263 768 2301 με
801 2249 930 2287 κτείνει
963 2248 1064 2301 δόλῳ
1099 2247 1182 2287 οὐδὲ
1217 2247 1352 2303 βίηφιν.

479 2319 510 2357 οἱ
542 2316 573 2358 δ’
608 2318 894 2372 ἀπαμειβόμενοι
926 2319 1015 2357 ἔπεα
1048 2317 1232 2374 πτερόεντ’
1269 2321 1457 2374 ἀγόρευον·

366 2389 396 2427 εἰ
427 2387 494 2442 μὲν
526 2389 573 2442 δὴ
607 2391 659 2443 μή
694 2390 748 2433 τίς
780 2404 821 2428 σε
855 2388 1025 2442 βιάζεται
1059 2389 1131 2428 οἷον
1165 2389 1286 2433 ἐοντα,

364 2462 495 2498 νοῦσον
528 2458 559 2513 γ’
594 2461 635 2499 οὔ
663 2475 743 2504 πως
776 2460 851 2499 ἐστι
885 2460 967 2504 Διὸς
1000 2460 1166 2512 μεγάλου
1199 2459 1400 2500 ἀλέασθαι.

366 2530 471 2569 ἀλλὰ
504 2531 548 2569 σὺ
580 2529 611 2584 γ’
647 2531 754 2585 εὔγεο
787 2532 907 2586 πατρί,
944 2530 1171 2569 ΙΙοΰειδοζιονι
1205 2532 1344 2569 ἁνακτι.

96 2619 298 2664 Severam
346 2623 454 2665 hanc
501 2622 577 2665 fati
622 2624 812 2675 ironiam,
846 2636 941 2676 qua,
975 2636 1068 2664 cum
1108 2623 1356 2674 intellegant
1393 2623 1488 2666 οὔτις
1524 2634 1599 2674 pro

93 2689 218 2737 Οὖτις,
251 2691 460 2746 Cyclopes
499 2694 806 2746 Polyphemum
854 2694 1046 2734 insaninn
1095 2705 1186 2733 esse
1234 2692 1313 2733 rati
1359 2692 1514 2733 auxilio
1561 2691 1598 2732 ei

93 2774 175 2803 non
198 2762 384 2814 veniunt,
405 2763 630 2816 Euripides
654 2763 694 2803 in
718 2763 942 2803 iocularem
976 2762 1104 2802 risum
1137 2760 1410 2802 transformat
1433 2759 1599 2801 fabulae

93 2831 304 2883 satyricae
334 2831 542 2873 idoneum.
597 2830 770 2884 Optimo
804 2833 942 2872 autem
976 2830 1046 2870 illo
1069 2829 1337 2880 dolinlixis.
1361 2842 1442 2882 quo
1464 2828 1599 2870 socios
