1825 3202
835 231 1091 267 ..6—

209 366 377 406 prorsus
424 352 504 393 alio
549 352 670 393 modo
716 353 843 405 atque
889 364 970 405 (1110
1015 353 1057 394 111
1096 351 1271 405 picturis
1311 353 1362 395 de
1400 353 1550 408 quibus
1589 367 1716 407 supra

209 422 369 473 egimus
416 420 611 461 traditam
658 420 906 461 invenimus.
976 421 1084 462 Nam
1124 422 1417 475 praeterquam
1456 423 1566 476 quod
1605 423 1716 465 clare

212 491 401 531 11110111113
437 489 737 541 Polyphemum
776 502 902 529 unum
942 490 1104 531 tantum
1143 490 1306 531 oculum
1341 491 1478 532 media
1508 491 1550 532 in
1582 491 1718 533 fronte

213 558 392 611 positum
426 557 591 609 habere,
624 557 693 598 hic
725 557 850 598 etiam
882 559 1049 610 satyros
1082 558 1186 599 duos
1218 558 1356 600 iocose
1388 560 1591 601 saltantes
1623 573 1717 601 con-

214 627 423 679 spicimus.
472 624 576 666 011111
601 624 784 678 Cyclops
815 625 906 678 ipse
938 628 1035 667 ante
1067 627 1308 679 speluncam
1332 627 1509 669 dormiat
1530 628 1719 670 similiter

214 699 339 748 atque
377 695 556 735 vidimus
594 694 635 735 in
667 695 840 736 vasculo
872 709 888 734 ε
936 695 1171 746 cubantem,
1212 709 1286 737 sex
1324 697 1403 738 viri
1440 698 1580 749 palum
1627 711 1717 750 per-

216 777 408 816 magnum
441 763 528 815 igni
560 765 723 815 parant,
756 765 803 805 ut
833 764 1082 817 Polyphemi
1114 765 1277 805 oculum
1310 769 1551 807 excaecent.
1600 769 1718 820 Quae

216 833 352 874 omnia
385 832 436 873 ab
468 832 627 873 artifice
658 833 880 885 perspicue
911 833 1026 885 picta
1057 835 1154 874 sunt
1186 834 1334 885 poculo
1367 836 1493 887 atque
1515 836 1607 877 utre
1637 835 1716 876 iam

217 903 312 942 vino
346 901 430 942 fere
463 913 595 942 vacuo
627 914 709 942 non
732 901 908 943 omissis.
957 901 1206 943 Necessario
1229 904 1367 943 autem
1390 903 1583 945 Wintero
1609 902 1651 958 (l.
1675 904 1718 957 l.)

217 973 257 1011 et
288 970 471 1011 Roberto
509 968 591 1023 (op.
626 970 650 1011 1.
683 982 723 1021 p.
758 968 827 1023 35)
867 970 1177 1011 concedendum
1217 972 1281 1011 est
1318 970 1359 1011 in
1396 972 1476 1013 hoc
1512 985 1612 1014 vase
1650 973 1719 1014 de-

215 1039 368 1091 pictam
408 1051 500 1079 esse
537 1037 710 1079 eandem
749 1050 834 1079 rem
872 1051 979 1091 quae
1016 1038 1059 1079 in
1096 1038 1312 1091 Euripidis
1353 1039 1524 1095 Cyclope
1566 1040 1717 1093 agitur.

217 1106 356 1148 Ceteri
390 1107 496 1148 0111111
529 1106 723 1158 artifices,
756 1119 930 1160 quorum
969 1119 1096 1159 opera
1133 1107 1421 1161 tractavimus,
1453 1109 1719 1151 severitatem

217 1176 421 1229 quandem
469 1175 630 1228 epicam
676 1176 718 1216 in
755 1176 966 1228 pingendo
1004 1179 1317 1228 conservarunt,
1355 1176 1424 1219 hic
1459 1177 1719 1230 potissimum

218 1246 403 1286 actiones
450 1244 666 1287 scaenicas
712 1245 922 1287 describit.
985 1245 1126 1286 Etiam
1159 1245 1435 1298 Timanthem,
1474 1246 1545 1300 qui
1582 1247 1721 1299 paullo

218 1317 313 1367 post
344 1314 588 1366 Euripidem
621 1313 772 1366 floruit,
806 1316 977 1356 auctore
1008 1314 1145 1356 Plinio
1177 1331 1217 1355 11,
1249 1316 1285 1356 lc.
1318 1315 1506 1356 XXXV
1530 1319 1580 1356 74
1614 1328 1721 1357 com-

218 1383 399 1436 perimus
431 1385 596 1435 satyros
629 1395 711 1424 una
733 1395 826 1424 cum
850 1381 1035 1436 Cyclope
1056 1383 1244 1435 pinxisse
1267 1383 1508 1425 dormientis
1529 1385 1720 1437 pollicem

218 1453 362 1504 thyrso
409 1451 640 1503 metientes,
688 1463 770 1504 (1110
816 1451 964 1493 111011113
1010 1453 1233 1504 appareret
1279 1464 1402 1505 quam
1447 1452 1609 1505 ingenti
1654 1453 1722 1495 ille

219 1522 329 1562 esset
360 1520 659 1572 magnitudine.

332 1589 538 1631 Videmus
569 1589 699 1641 igitur
730 1602 783 1630 ex
813 1588 1067 1641 imaginibus
1105 1589 1147 1630 in
1186 1589 1298 1631 vasis
1331 1589 1508 1642 depictis
1540 1588 1722 1631 fabulam

221 1657 463 1711 Cyclopiam
488 1670 619 1711 11311110
642 1658 694 1699 ad
726 1657 847 1699 finem
880 1658 1038 1699 saeculi
1069 1671 1104 1700 a.
1124 1656 1199 1701 Ch.
1219 1671 1258 1699 n.
1292 1658 1400 1699 sexti
1431 1659 1723 1711 pervulgatam

222 1742 313 1769 esse
358 1729 399 1769 in
442 1728 561 1770 Ionia
592 1728 633 1782 (α
665 1740 756 1781 sup.
790 1741 830 1780 p.
864 1727 905 1781 2)
939 1726 1173 1781 Cyrenaica
1205 1727 1244 1783 (β
1276 1741 1365 1781 sup.
1400 1741 1438 1781 p.
1473 1727 1517 1783 3)
1548 1729 1725 1771 Boeotia

223 1800 257 1850 (ε
290 1810 378 1849 sup.
413 1811 452 1850 p.
486 1797 530 1844 4)
592 1797 793 1841 Chalcide
825 1796 860 1851 (γ
894 1809 983 1849 sup.
1017 1810 1056 1850 p.
1091 1796 1134 1849 3)
1174 1798 1325 1840 Attica
1361 1796 1398 1851 (ὃ
1430 1810 1521 1850 sup.
1553 1811 1593 1850 p.
1627 1801 1651 1838 4
1684 1799 1726 1839 et

224 1871 262 1919 ζ,
295 1882 332 1920 η,
368 1868 404 1918 ὓ,
438 1883 445 1906 1
476 1879 516 1919 p.
551 1865 607 1922 5),
639 1867 906 1920 pictoresque
936 1866 1189 1909 lineamenta
1220 1868 1266 1908 ut
1296 1867 1356 1909 ita
1392 1867 1527 1909 dicam
1559 1865 1726 1908 fabulae

223 1936 450 1989 Cyclopiae
481 1938 648 1978 secutos
680 1948 771 1977 esse
803 1937 1128 1977 consentaneum
1161 1937 1236 1988 est,
1275 1948 1356 1977 non
1387 1935 1562 1978 Homeri
1598 1934 1727 1976 verba

224 2008 419 2047 accurate
451 2005 722 2058 expressisse.
785 2004 856 2047 Sic
895 2017 919 2046 a
955 2004 1145 2057 pristinis
1182 2004 1411 2046 artificibus
1442 2005 1727 2057 Polyphemus

224 2075 342 2116 nobis
360 2074 594 2115 ostenditur
616 2073 679 2114 vir
702 2072 914 2126 barbatus,
933 2086 1060 2125 saepe
1078 2073 1287 2125 ingentior
1304 2085 1427 2126 quam
1450 2086 1525 2125 pro
1546 2074 1726 2114 humano

224 2143 380 2194 habitu,
422 2143 569 2194 nudus,
608 2155 735 2195 saepe
781 2142 943 2184 clavam
988 2143 1148 2193 tenens,
1188 2141 1383 2193 incultus,
1422 2141 1549 2193 rudis,
1588 2143 1727 2183 tamen

225 2225 304 2252 11011
337 2211 500 2253 0111111110
532 2211 664 2252 instar
694 2210 806 2252 illius
838 2214 1010 2252 monstri
1039 2211 1249 2263 hoo-rendi,
1282 2210 1404 2263 quale
1426 2209 1651 2262 Euripides
1679 2222 1727 2251 ac

229 2280 438 2331 Vergilius
475 2280 659 2331 tradunt,
698 2279 939 2332 neutiquam
978 2291 1076 2321 vero
1114 2278 1183 2320 ille
1229 2280 1389 2320 amator
1433 2278 1567 2320 mollis
1605 2290 1726 2331 quem

226 2350 374 2399 poetae
397 2348 547 2390 aetatis
568 2347 811 2401 posterioris
834 2346 1087 2390 describunt.
1135 2347 1243 2389 Nam
1265 2359 1514 2400 quamquam
1538 2346 1728 2388 immanis

227 2419 301 2467 est,
335 2417 488 2469 quippe
520 2417 590 2470 qui
622 2417 746 2459 etiam
778 2417 964 2458 homines
996 2416 1106 2468 edat,
1138 2417 1277 2458 tamen
1309 2428 1472 2468 semper
1502 2416 1722 2457 humanam

226 2485 399 2537 praebet
430 2485 595 2533 faciem3
628 2498 710 2527 non
741 2487 805 2527 est
836 2486 1062 2527 monstrum
1094 2483 1332 2537 nefandum,
1364 2497 1445 2526 non
1477 2484 1611 2536 gigas,
1644 2486 1724 2525 non

228 2553 347 2601 deus3
388 2553 566 2606 denique
602 2554 723 2595 homo
770 2554 834 2594 est
879 2552 1069 2606 quamvis
1100 2554 1262 2595 statura
1291 2552 1472 2606 reliquos
1504 2551 1724 2604 excedens,

227 2621 335 2663 sicut
379 2620 528 2663 fratres
575 2622 663 2664 eius
701 2620 921 2675 Cyclopes,
959 2621 1031 2675 qui
1068 2623 1109 2663 et
1144 2621 1226 2674 ipsi
1262 2623 1359 2663 sunt
1403 2620 1601 2663 homines.
1664 2621 1726 2663 At

228 2690 337 2742 quod
374 2690 415 2730 111
454 2690 642 2732 omnibus
678 2691 792 2733 vasis
832 2691 920 2732 eius
958 2690 1108 2733 aetatis
1146 2691 1325 2743 excepta
1361 2689 1493 2743 cylice
1524 2689 1726 2731 Boeotica

229 2768 264 2811 (ε
286 2770 375 2810 sup.
394 2771 432 2810 p.
453 2758 494 2812 4)
512 2759 624 2800 solus
646 2760 789 2801 oculus
810 2760 955 2801 laevus
977 2758 1265 2812 spectantibus
1287 2750 1475 2811 apparet,
1493 2757 1725 2800 cavendum

229 2829 292 2869 est
322 2840 373 2868 ne
405 2827 456 2868 ad
478 2825 684 2879 Cyclopes
715 2828 914 2870 unoculos
936 2827 1170 2870 Hesiodeos
1201 2826 1441 2869 referamus.
1492 2825 1599 2868 Nam
1632 2838 1724 2868 cum
