1825 3202
715 205 968 251 -5,--

176 340 214 388 ζ,
248 352 286 391 η,
322 338 360 389 θ,
396 352 423 378 ιε
458 337 709 392 Quattuor
739 337 931 380 similes
964 339 1249 380 oenochoae
1284 338 1505 380 Atticae.

202 418 419 461 Habemus
451 420 559 461 enim.
592 422 789 473 quattuor
821 421 1054 462 oeuochoas
1086 420 1258 462 Atticas
1295 420 1451 461 saeculi
1483 420 1592 461 sexti

87 486 232 539 figuris
263 488 394 541 nigris
416 491 584 530 ornatas
616 487 690 543 (ζ8
721 489 919 541 Berolini,
953 490 1010 542 η9
1040 488 1237 540 Athenis,
1273 490 1350 527 15¹⁰
1381 489 1590 540 Londinii,

86 556 145 594 2¹¹
182 556 384 612 Parisiis),
416 557 458 598 in
490 557 640 611 quibus
663 571 707 600 os
734 559 978 611 Polyphemi
999 558 1078 599 iam
1104 559 1364 600 vulneratum
1389 558 1589 600 videmus.

87 626 137 668 In
185 625 375 667 omnibus
421 628 558 668 autem
598 627 876 679 conspicimus
915 640 939 668 a
976 628 1106 668 latere
1152 627 1325 669 dextero
1363 625 1589 679 Cyclopem

88 694 299 736 sedentem
346 695 388 736 in
434 695 540 736 ostio
578 695 699 747 antri,
738 695 848 737 uude
888 695 996 738 aries
1034 696 1310 748 progreditur,
1350 696 1467 737 cuius
1514 695 1590 736 sub

84 763 178 804 alvo
210 763 274 804 vir
305 763 505 805 barbatus
537 764 693 806 haeret.
757 764 953 817 Apparet
984 766 1122 805 autem
1155 764 1444 817 spectantibus
1466 765 1590 817 Poly-

81 832 221 884 phemi
267 832 412 874 laevus
450 833 607 884 oculus,
647 835 692 874 ut
729 833 809 874 iam
849 845 999 875 caecus
1039 833 1231 874 videatur
1277 846 1380 875 esse.
1442 833 1591 886 Neque

85 900 268 942 reticebo
301 900 405 942 alias
436 903 655 953 praeterea
686 901 880 943 inventas
913 914 1004 943 esse
1036 902 1222 954 picturas
1253 902 1334 943 illis
1358 902 1525 952 similes,
1549 902 1588 942 in

83 969 235 1022 quibus
266 982 364 1022 pars
386 972 548 1011 tautum
572 969 739 1012 fabulae
761 969 990 1023 (lyclopiae
1013 971 1225 1023 descripta
1246 973 1310 1011 est
1334 971 1589 1023 Polyphemo

81 1038 172 1090 ipso
191 1038 343 1080 omisso
361 1039 407 1078 ¹2.
449 1038 635 1093 Quarum
654 1039 834 1081 artifices
853 1052 933 1081 non
952 1039 1142 1081 omnibus
1160 1040 1202 1080 in
1219 1039 1342 1081 rebus
1361 1040 1588 1081 Homerum

81 1106 310 1158 imitantur,
343 1107 417 1148 sed
449 1120 565 1149 suam
598 1107 775 1161 quisque
797 1108 997 1150 rationem
1028 1108 1228 1161 sequitur.
1283 1108 1476 1161 Denique
1509 1121 1587 1149 non

81 1176 268 1217 omittam
316 1176 478 1217 illorum
526 1189 720 1217 vasorum
767 1176 1017 1218 mentionem
1064 1176 1203 1218 facere
1249 1189 1422 1230 quorum
1463 1190 1587 1218 uuum

82 1245 317 1296 exemplum
351 1244 482 1286 edidit
512 1257 645 1297 nuper
676 1246 836 1286 Ioanna
868 1245 1072 1287 Harrison
1111 1245 1257 1287 mulier
1295 1246 1419 1287 docta
1450 1244 1587 1299 (dour.

82 1312 192 1355 Hell.
218 1312 339 1355 stud.
373 1317 493 1365 1883,
525 1326 564 1366 p.
589 1312 703 1367 263).
768 1314 1031 1367 Quamquam
1065 1314 1173 1355 enim
1204 1314 1305 1355 illud
1338 1327 1414 1355 vas
1445 1314 1589 1366 figuris

80 1380 215 1423 rubris
248 1383 436 1424 ornatum
471 1385 546 1433 est,
581 1383 720 1424 tamen
744 1383 903 1424 Ioanna
925 1382 1130 1425 Harrison
1162 1396 1237 1424 suo
1268 1382 1358 1424 iure
1390 1384 1511 1435 putat
1532 1383 1589 1425 ibi

80 1451 387 1503 repraesentari
424 1451 691 1492 veterrimum
729 1453 875 1504 typum
914 1451 1141 1504 imaginum
1180 1452 1399 1504 pictarum,
1438 1451 1588 1505 quibus

83 1519 230 1561 Ulixes
269 1532 321 1561 ex
360 1522 480 1562 antro
518 1521 702 1562 evadens
734 1521 980 1562 ostenditur.
1042 1521 1125 1564 Sed
1158 1521 1229 1562 diu
1260 1521 1355 1562 inde
1387 1520 1439 1562 ab
1471 1521 1588 1563 initio

81 1588 238 1630 saeculi
255 1588 390 1642 quinti
412 1602 606 1631 vasorum
628 1589 811 1642 pictores
834 1589 1016 1631 fabulam
1035 1589 1278 1643 Cyclopiam
1299 1591 1586 1643 neglexerunt,

81 1657 214 1699 donec
256 1659 406 1710 poetae
450 1657 602 1699 fabulis
640 1658 844 1700 scaenicis
883 1659 1143 1700 narrationes
1190 1659 1331 1711 epicas
1378 1672 1587 1701 novavere

81 1738 236 1768 auxere
267 1726 604 1770 immutavere¹³.

373 1878 412 1907 n:
459 1865 698 1907 Poculum
731 1866 884 1907 musei
921 1866 1279 1908 Berolinensis.

195 1945 423 1987 Vasculum
447 1946 604 1988 saeculi
625 1945 761 1999 quinti
782 1946 914 1987 altera
930 1948 1050 1998 parte
1070 1946 1211 1998 figuris
1229 1946 1364 1988 rubris
1382 1950 1586 2000 ornatum,

79 2012 168 2053 sive
206 2013 248 2054 in
280 2014 430 2056 Attica
467 2014 556 2055 sive
594 2014 636 2055 in
674 2014 799 2056 Italia
838 2013 1045 2066 inferiore,
1080 2015 1211 2056 edidit
1242 2015 1413 2057 Wintor
1442 2015 1589 2057 Jahrb.

80 2082 118 2122 d.
154 2081 248 2122 lud.
291 2086 412 2134 1891,
452 2096 490 2135 p.
525 2084 671 2125 271⁸.
734 2082 801 2125 Ibi
839 2081 981 2124 fabula
1021 2081 1227 2136 Cyclopia
1267 2084 1479 2137 descripta
1525 2088 1590 2127 est

194 2242 208 2263 ⁵
233 2242 288 2276 Cf.
313 2243 811 2284 RAOUL-ROCHETTE,
838 2242 999 2277 Edonum.
1027 2242 1060 2276 cl.
1088 2243 1192 2285 Inst„
1220 2244 1295 2277 tab.
1327 2245 1433 2277 LXV
1451 2245 1479 2278 1.

191 2298 206 2321 9
231 2299 285 2333 Of.
312 2300 660 2341 HEYDEMANN,
687 2298 912 2333 Griechische
934 2299 1062 2341 Vasen,
1091 2301 1165 2334 tab.
1195 2302 1335 2334 V111ss2.

177 2356 205 2380 ¹0
230 2357 284 2390 Cf.
311 2357 443 2390 JANE
462 2357 740 2397 HARRISON,
760 2356 919 2391 Journal
934 2356 1146 2399 ofHellenic
1160 2358 1316 2397 Stmletes,
1339 2359 1485 2401 18831).
1501 2360 1585 2399 26&

80 2413 395 2448 CATALOGUE
422 2415 552 2448 ERIT.
578 2414 695 2448 MUS.
724 2415 753 2447 B
780 2414 856 2447 502.

180 2471 204 2493 ¹¹
230 2470 284 2504 Of.
312 2471 546 2512 POTTIFJR,
580 2470 691 2505 Vases
716 2471 764 2505 du
788 2471 937 2511 Lozivre,
966 2472 999 2504 Λ
1025 2472 1101 2505 480.

178 2528 203 2551 ¹2
228 2528 283 2562 Cf.
310 2529 491 2569 BOLTE,
511 2540 570 2571 op.
589 2529 612 2562 l.
630 2540 666 2571 p.
685 2529 813 2569 9—163
841 2532 878 2562 et
903 2529 1035 2562 JANE
1062 2530 1339 2571 HARHISON,
1366 2530 1470 2565 Jom‘.
1489 2531 1583 2566 Hell.

79 2585 194 2625 Stud„
220 2586 319 2627 1883,
345 2597 380 2629 p.
407 2586 474 2619 256
498 2596 578 2629 seq.

178 2643 203 2666 ¹3
229 2643 283 2677 Cf.
309 2644 532 2685 WINTER,
550 2642 738 2677 Jahrbuclz
757 2643 816 2677 des
836 2641 1017 2683 Iustum,
1039 2644 1137 2685 1891,
1150 2655 1186 2686 p.
1202 2644 1284 2681 272:
1313 2648 1350 2678 et
1368 2646 1582 2687 ROBERT,

78 2699 167 2735 Bild
191 2700 266 2734 und
290 2700 392 2741 Licet,
417 2712 453 2744 p.
479 2702 522 2734 35
549 2712 628 2744 seq.

178 2757 202 2781 ¹4
227 2757 282 2792 Of.
308 2758 660 2800 HUDDILSTON,
676 2757 788 2792 Greek
803 2757 969 2802 Trayedy
982 2757 1020 2792 in
1035 2757 1090 2792 the
1104 2757 1213 2802 Laqht
1237 2758 1281 2802 of
1291 2758 1385 2793 Vase
1398 2759 1581 2805 Paintiny,

76 2815 254 2855 London,
282 2814 380 2855 1898,
404 2825 441 2857 p.
470 2815 544 2848 141.
