1825 3202
678 208 959 244 —13—

68 329 198 371 Plura
213 341 312 371 vero
331 329 382 371 de
399 329 458 371 eis
475 331 618 371 narrat
634 329 876 371 Herodotus
896 328 1001 370 libro
1019 329 1085 370 IV
1105 331 1284 381 13—27,
1304 328 1374 370 ubi
1395 328 1572 381 legimus

68 397 284 439 Aristeam
323 397 573 450 Arimaspos
610 397 797 441 homines
835 397 1035 439 unoculos
1072 397 1229 454 (ἄνδρας
1256 396 1572 453 μονοφθάλμους)

68 467 178 509 ultra
226 467 329 510 fines
379 468 624 510 Issedonum
676 467 866 521 habitare
916 467 1073 509 dixisse
1087 469 1136 509 ³⁸.
1213 468 1296 510 Sed
1347 469 1485 509 utrum
1531 467 1573 508 in

68 536 327 589 Polyphemo
373 536 647 579 describendo
686 536 924 589 Euripides,
965 536 1036 590 qui
1073 549 1199 577 unum
1238 536 1370 578 solum
1408 536 1572 578 oculum

68 604 205 647 media
235 605 278 647 in
309 604 445 648 fronte
477 605 601 648 situm
634 603 811 658 Cyclopi
849 604 1008 657 tribuit,
1045 605 1270 647 Hesiodum
1311 606 1481 646 secutus
1519 604 1574 646 sit

68 686 122 715 an
153 672 370 716 Cratinum
410 687 463 716 an
494 674 708 716 Aristeam
748 674 790 715 in
828 673 962 716 medio
1001 673 1317 727 relinquendum
1350 675 1425 715 est.
1488 671 1574 715 Ob-

66 743 317 785 servandum
350 745 489 785 autem
522 745 586 785 est
608 756 698 784 oum
722 742 924 795 imprimis
948 743 1174 784 Homerum
1198 744 1368 784 secutus
1390 741 1573 784 fabulam

68 810 311 865 Cyclopiam
343 812 385 854 in
417 825 609 855 scaenam
643 812 906 864 produceret,
930 813 1067 853 tamen
1102 813 1143 853 et
1166 812 1425 864 Polyphemo
1448 824 1574 852 unum

66 882 229 922 tantum
261 881 425 923 oculum
456 880 653 922 tribuisse
685 882 726 922 et
758 880 849 922 aliis
881 880 923 921 in
955 879 1078 921 rebus
1119 893 1210 921 eum
1252 880 1373 921 aliter
1410 893 1575 932 reprae-

67 949 314 1001 sentavisse,
347 951 474 1003 atque
505 949 617 1002 apud
650 949 876 990 Homerum
911 947 1066 990 factum
1100 951 1175 990 est.

183 1017 276 1073 Quo
309 1019 456 1061 melius
486 1021 635 1072 postea
667 1016 893 1071 Cyclopem
926 1017 1199 1070 Euripideum
1233 1029 1325 1058 cum
1350 1017 1575 1059 Homerico

67 1099 373 1140 comparemus,
421 1087 584 1141 qualem
632 1089 757 1139 poeta
808 1086 1025 1127 scaenicus
1077 1086 1297 1138 protulerit
1342 1085 1460 1127 brevi
1506 1098 1575 1126 ex-

66 1168 283 1208 ponamus.
336 1155 503 1198 Silenus
535 1158 577 1197 et
608 1155 741 1208 satyri
772 1155 861 1197 eius
893 1155 1066 1197 comites
1089 1155 1349 1207 Polyphemo
1372 1154 1575 1205 serviunt,

67 1224 138 1278 qui
171 1225 364 1267 Aetnaeo
395 1225 438 1266 in
469 1237 598 1278 specu
630 1224 806 1275 habitat,
840 1224 899 1265 ita
930 1226 976 1265 ut
1008 1224 1174 1265 Silenus
1212 1224 1301 1276 ipse
1334 1224 1575 1276 speluncam

67 1305 213 1335 curare
259 1294 563 1347 prandiumque
610 1306 759 1346 parare
805 1293 970 1334 domino
1018 1295 1205 1345 cogatur,
1254 1292 1387 1345 satyri
1434 1295 1578 1333 contra

67 1374 217 1414 greges
263 1364 454 1415 pascant,
494 1362 566 1416 qui
605 1362 744 1404 victus
782 1363 878 1414 post
915 1361 1043 1403 vitam
1083 1361 1194 1403 illam
1233 1360 1576 1402 iucundissimam

65 1430 174 1473 inter
217 1431 361 1473 Liberi
407 1431 580 1474 comites
626 1431 840 1483 peractam
893 1430 952 1471 eis
1004 1429 1259 1471 miserrimus
1311 1432 1386 1471 est.
1464 1430 1575 1470 Dum

66 1497 249 1553 Cyclops
285 1500 431 1554 procul
469 1512 553 1542 una
592 1512 686 1542 cum
724 1499 899 1541 canibus
931 1501 1120 1550 venatur,
1155 1498 1323 1541 Silenus
1355 1500 1397 1540 et
1428 1498 1574 1551 satyri,

68 1580 161 1611 cum
192 1569 274 1611 iam
306 1581 458 1622 greges
489 1568 654 1611 domum
688 1572 874 1620 agerent,
909 1568 1076 1610 Ulixem
1110 1568 1283 1620 eiusque
1315 1567 1450 1609 socios
1483 1580 1578 1608 con-

67 1637 264 1691 spiciunt,
298 1638 368 1692 qui
400 1639 571 1691 portant
602 1650 706 1679 vasa
737 1649 884 1688 vacua,
909 1636 988 1678 sibi
1011 1636 1176 1679 obviam
1200 1638 1359 1678 euntes.
1412 1636 1578 1677 Deinde

67 1719 120 1748 ex
151 1706 370 1760 conloquio
404 1706 533 1749 Sileni
565 1708 691 1760 atque
723 1705 862 1747 Ulixis
895 1705 1187 1757 cognoscimus
1220 1704 1408 1747 Graecos
1441 1705 1578 1746 cibum

67 1787 229 1828 rogare,
268 1775 386 1817 euius
425 1775 527 1817 nihil
567 1775 687 1817 adest
722 1777 891 1828 praeter
922 1775 987 1816 lac
1019 1787 1164 1816 caseos
1196 1786 1340 1826 agnos.
1402 1774 1578 1827 Iamque

68 1844 218 1886 Ulixes
251 1843 392 1886 Sileno
424 1844 566 1886 vinum
598 1844 805 1897 praebens
838 1845 1107 1896 persuaserat
1144 1845 1190 1884 ut
1227 1844 1333 1884 haec
1364 1843 1579 1894 venderet,

70 1925 162 1955 cum
195 1912 333 1956 subito
355 1913 641 1966 Polyphemus
663 1913 878 1966 inopinato
911 1912 1020 1954 redit
1051 1925 1205 1965 eosque
1238 1912 1448 1965 opprimit.
1497 1911 1581 1965 Qui

67 1981 138 2023 ubi
170 1981 370 2034 Graecos,
411 1982 482 2035 qui
519 1982 562 2023 in
599 1984 761 2024 antrum
803 1981 1011 2034 fugerant,
1052 1985 1093 2023 et
1130 1993 1274 2022 servos
1311 1980 1580 2033 perturbatos

68 2050 367 2093 animadvertit
412 2053 455 2093 et
500 2063 631 2104 agnos
678 2050 720 2092 in
765 2053 887 2104 porta
933 2051 1099 2103 ligatos,
1134 2050 1243 2091 unde
1275 2050 1344 2090 ille
1376 2049 1581 2090 tumultus

69 2121 184 2160 ortus
215 2119 270 2160 sit
301 2119 544 2172 interrogat.
597 2119 764 2161 Silenus
791 2121 929 2161 autem
963 2132 1054 2161 cum
1080 2118 1269 2161 Graecos
1300 2118 1478 2167 incusat,
1511 2118 1581 2159 ille

70 2200 187 2229 assos
233 2200 303 2229 eos
342 2188 465 2230 edere
501 2188 605 2240 vult,
645 2200 738 2230 cum
776 2188 868 2230 cibo
908 2188 1092 2229 silvestri
1129 2187 1309 2229 satiatus
1357 2187 1580 2228 humanam

69 2269 233 2298 carnem
272 2256 356 2298 iam
393 2256 464 2298 diu
502 2256 816 2299 desideraverit.
886 2256 1053 2298 Silenus
1092 2256 1200 2297 enim
1240 2268 1490 2309 quamquam
1531 2255 1581 2296 de

70 2325 248 2367 Graecis
294 2338 520 2379 eorumque
559 2326 776 2368 conamine
813 2326 1042 2367 insolenter
1087 2325 1297 2376 mentitur,
1337 2326 1477 2365 tamen
1523 2323 1583 2364 illi

182 2473 212 2497 33
238 2473 293 2507 Cf.
320 2473 629 2513 PAUSANIAS,
666 2474 683 2506 ἶ
709 2474 763 2507 24.
784 2474 814 2514 (3,
852 2469 944 2506 εἶναι
983 2471 1023 2506 δὲ
1059 2470 1302 2517 ’Λριλιιασῑιοῦς
1337 2470 1407 2516 μὲν
1445 2470 1580 2516 ἄνδρας

67 2530 352 2576 μονοφθάλμους
377 2530 416 2564 ἐκ
441 2531 599 2575 γειέτῆςς
626 2534 661 2563 et

184 2588 364 2622 AESCH.
393 2588 512 2622 From.
538 2588 615 2628 804,

479 2665 797 2669 —————
822 2644 881 2677 τόν
905 2655 939 2677 Te
963 2645 1140 2688 μουνῶπα
1166 2642 1313 2686 στρατὸν

336 2701 573 2746 Ἀριμασπόν;
599 2705 635 2734 et

187 2758 458 2801 ORIGENES,
490 2770 518 2793 c.
552 2759 640 2793 Cels.
672 2759 731 2792 ΠΙ
756 2759 810 2799 26,
848 2758 955 2791 unde
988 2760 1149 2801 apparet
1176 2758 1393 2791 Pindarum
1420 2768 1578 2800 quoque

70 2816 303 2859 Arimaspos
326 2816 563 2860 respexisse.
