1825 3202
711 240 991 275 .--]ῖἢ

96 360 316 402 nonnullos
353 361 429 401 hos
467 361 593 413 atque
624 359 716 401 illos
749 359 1000 411 confudisse,
1034 362 1166 403 donec
1198 362 1422 415 Euripides
1455 375 1596 404 narra-

96 428 251 470 tionem
288 428 559 470 Homericam
597 427 649 469 ad
687 426 872 470 fabulam
911 428 1174 471 scribendam
1213 430 1450 472 adhibuerit
1487 444 1597 473 nunc

95 495 259 538 fabulas
291 497 429 538 varias
461 496 637 538 traditas
659 499 831 537 secutus
858 510 968 538 nunc
989 497 1079 550 ipse
1102 498 1329 539 immutans
1352 512 1401 540 ac
1422 512 1594 541 novans.

98 565 166 605 Ac
202 564 471 606 severitatem
508 564 684 618 epicam,
724 577 848 617 quam
887 565 998 617 apud
1038 577 1231 607 rasorum
1272 566 1452 618 pictores
1500 570 1596 609 ante

95 632 342 686 Euripidem
387 632 637 683 invenimus,
683 635 809 685 poeta
855 633 1073 675 scaenicus
1110 634 1151 674 iu
1190 634 1375 676 actiones
1414 636 1595 677 comicas

93 700 248 753 satyris
294 700 447 742 additis
493 700 746 752 immutavit,
795 704 840 742 ut
886 701 1012 743 etiam
1061 715 1135 743 vas
1181 717 1201 741 κ
1250 702 1317 755 (οἵ.
1351 716 1442 756 sup.
1475 718 1514 756 p.
1553 704 1594 757 5)

93 771 311 811 monstrat.
964 810 967 825 ζ

207 835 455 890 Cyclopiam
487 836 617 889 igitur
648 836 833 879 fabulam
865 838 1000 891 qualis
1034 838 1158 880 fuerit
1189 840 1230 880 in
1267 840 1368 881 artis
1401 839 1595 893 operibus

92 907 219 958 atque
240 905 283 946 in
304 905 455 947 litteris
476 905 687 958 persecuti
709 918 841 959 usque
869 907 921 948 ad
944 910 1090 959 poetas
1113 908 1327 949 scaenicos
1348 908 1594 961 Polyphemi

91 975 286 1016 naturam
303 975 430 1027 atque
447 974 629 1016 indolem
648 974 803 1016 sensim
822 977 1028 1017 mutatam
1046 989 1137 1017 csse
1156 977 1358 1018 videmus.
1397 975 1594 1018 Ceterum

90 1044 240 1095 postea
285 1042 432 1084 eadem
479 1041 621 1084 fabula
667 1043 794 1084 etiam
841 1044 976 1096 magis
1015 1047 1178 1086 mutata
1215 1047 1290 1096 est,
1331 1045 1446 1086 velut
1483 1045 1594 1097 apud

91 1110 359 1152 Theocritum
393 1115 520 1164 atque
552 1109 754 1153 Ovidium
786 1114 828 1153 et
858 1112 899 1153 in
932 1113 1084 1154 statuis
1116 1113 1308 1155 Etruscis
1339 1127 1388 1155 ac
1418 1113 1594 1166 picturis

91 1178 375 1232 Pompeianis.
437 1178 519 1221 Sed
557 1180 660 1222 mihi
696 1180 738 1221 in
776 1181 914 1223 animo
960 1194 1041 1223 nou
1088 1185 1152 1223 est
1197 1183 1247 1224 de
1295 1181 1427 1224 forma
1471 1181 1594 1223 huius

91 1246 260 1289 fabulae
292 1248 522 1290 recentiore
554 1249 771 1291 disserere.
