<?xml version="1.0" encoding="UTF-8"?>
<!DOCTYPE html PUBLIC "-//W3C//DTD XHTML 1.0 Transitional//EN"
    "http://www.w3.org/TR/xhtml1/DTD/xhtml1-transitional.dtd">
<html xmlns="http://www.w3.org/1999/xhtml" xml:lang="en" lang="en">
 <head>
  <title>
</title>
<meta http-equiv="Content-Type" content="text/html;charset=utf-8" />
  <meta name='ocr-system' content='tesseract 3.04.00' />
  <meta name='ocr-capabilities' content='ocr_page ocr_carea ocr_par ocr_line ocrx_word'/>
</head>
<body>
  <div class='ocr_page' id='page_1' title='image "./decyclopehomeric00newcuoft_0017.png"; bbox 0 0 1825 3202; ppageno 0'>
   <div class='ocr_carea' id='block_1_1' title="bbox 703 207 959 243">
    <p class='ocr_par' dir='ltr' id='par_1_1' title="bbox 703 207 959 243">
     <span class='ocr_line' id='line_1_1' title="bbox 703 207 959 243; baseline -0.008 -9"><span class='ocrx_word' id='word_1_1' title='bbox 703 207 959 243; x_wconf 79' lang='lat'>-9—</span> 
     </span>
    </p>
   </div>
   <div class='ocr_carea' id='block_1_2' title="bbox 78 330 1602 2276">
    <p class='ocr_par' dir='ltr' id='par_1_2' title="bbox 284 330 1264 387">
     <span class='ocr_line' id='line_1_2' title="bbox 284 330 1264 387; baseline -0.004 -16"><span class='ocrx_word' id='word_1_2' title='bbox 284 332 475 371; x_wconf 70' lang='grc' dir='ltr'>πολλοῖσιν</span> <span class='ocrx_word' id='word_1_3' title='bbox 507 333 576 387; x_wconf 63' lang='grc' dir='ltr'>γάρ</span> <span class='ocrx_word' id='word_1_4' title='bbox 610 331 725 383; x_wconf 60' lang='grc' dir='ltr'>ἔγωγ-ε</span> <span class='ocrx_word' id='word_1_5' title='bbox 759 331 1010 383; x_wconf 67' lang='grc' dir='ltr'>ὀδυσσάμενος</span> <span class='ocrx_word' id='word_1_6' title='bbox 1043 330 1113 369; x_wconf 63' lang='grc' dir='ltr'>τοῗῐ</span> <span class='ocrx_word' id='word_1_7' title='bbox 1150 330 1264 367; x_wconf 65' lang='grc' dir='ltr'>ἱκάνω</span> 
     </span>
    </p>

    <p class='ocr_par' dir='ltr' id='par_1_3' title="bbox 287 395 1314 458">
     <span class='ocr_line' id='line_1_3' title="bbox 287 395 1314 458; baseline -0.005 -16"><span class='ocrx_word' id='word_1_8' title='bbox 287 403 459 458; x_wconf 72' lang='grc' dir='ltr'>ἀνδράσιν</span> <span class='ocrx_word' id='word_1_9' title='bbox 491 402 557 456; x_wconf 71' lang='grc' dir='ltr'>ᾐδὲ</span> <span class='ocrx_word' id='word_1_10' title='bbox 589 395 746 455; x_wconf 58' lang='grc' dir='ltr'>γυναιξὶν</span> <span class='ocrx_word' id='word_1_11' title='bbox 781 402 851 440; x_wconf 73' lang='grc' dir='ltr'>ἀνά</span> <span class='ocrx_word' id='word_1_12' title='bbox 883 401 1005 455; x_wconf 64' lang='grc' dir='ltr'>χθόνα.</span> <span class='ocrx_word' id='word_1_13' title='bbox 1038 400 1314 455; x_wconf 64' lang='grc' dir='ltr'>π’)λυβόῖεῐραν.</span> 
     </span>
    </p>

    <p class='ocr_par' dir='ltr' id='par_1_4' title="bbox 78 471 1602 2276">
     <span class='ocr_line' id='line_1_4' title="bbox 286 471 1145 528; baseline -0.005 -15"><span class='ocrx_word' id='word_1_14' title='bbox 286 472 371 528; x_wconf 74' lang='grc' dir='ltr'>τῷδ’</span> <span class='ocrx_word' id='word_1_15' title='bbox 401 471 585 517; x_wconf 74' lang='grc' dir='ltr'>Ὀδυσεὺς</span> <span class='ocrx_word' id='word_1_16' title='bbox 617 471 720 525; x_wconf 70' lang='grc' dir='ltr'>ὄνομ’</span> <span class='ocrx_word' id='word_1_17' title='bbox 756 473 854 521; x_wconf 55' lang='lat' dir='ltr'>{xm</span> <span class='ocrx_word' id='word_1_18' title='bbox 887 472 1080 524; x_wconf 54' lang='lat' dir='ltr'>inermum</span> <span class='ocrx_word' id='word_1_19' title='bbox 1099 472 1145 512; x_wconf 83' lang='lat'>¹⁹.</span> 
     </span>
     <span class='ocr_line' id='line_1_5' title="bbox 78 555 1586 610; baseline -0.006 -7"><span class='ocrx_word' id='word_1_20' title='bbox 78 561 205 603; x_wconf 87' lang='lat' dir='ltr'>Hanc</span> <span class='ocrx_word' id='word_1_21' title='bbox 234 563 372 602; x_wconf 86' lang='lat' dir='ltr'>autem</span> <span class='ocrx_word' id='word_1_22' title='bbox 404 560 582 602; x_wconf 84' lang='lat' dir='ltr'>nominis</span> <span class='ocrx_word' id='word_1_23' title='bbox 605 559 776 602; x_wconf 88' lang='lat' dir='ltr'>formam</span> <span class='ocrx_word' id='word_1_24' title='bbox 802 559 941 599; x_wconf 87' lang='lat' dir='ltr'>littera</span> <span class='ocrx_word' id='word_1_25' title='bbox 971 559 996 597; x_wconf 66' lang='grc' dir='ltr'>Ἀ</span> <span class='ocrx_word' id='word_1_26' title='bbox 1027 559 1226 610; x_wconf 75' lang='lat' dir='ltr'>scriptam</span> <span class='ocrx_word' id='word_1_27' title='bbox 1249 555 1484 598; x_wconf 77' lang='lat' dir='ltr'>invenimus</span> <span class='ocrx_word' id='word_1_28' title='bbox 1506 566 1586 594; x_wconf 89' lang='lat' dir='ltr'>non</span> 
     </span>
     <span class='ocr_line' id='line_1_6' title="bbox 80 624 1588 678; baseline -0.005 -7"><span class='ocrx_word' id='word_1_29' title='bbox 80 630 201 672; x_wconf 90' lang='lat' dir='ltr'>modo</span> <span class='ocrx_word' id='word_1_30' title='bbox 248 630 431 671; x_wconf 79' lang='lat' dir='ltr'><strong>Athenis</strong></span> <span class='ocrx_word' id='word_1_31' title='bbox 478 629 634 670; x_wconf 80' lang='lat' dir='ltr'>Thebis</span> <span class='ocrx_word' id='word_1_32' title='bbox 681 627 936 678; x_wconf 55' lang='lat' dir='ltr'>Corinthi-‘¹2</span> <span class='ocrx_word' id='word_1_33' title='bbox 990 628 1063 669; x_wconf 82' lang='lat' dir='ltr'>sed</span> <span class='ocrx_word' id='word_1_34' title='bbox 1110 627 1235 669; x_wconf 89' lang='lat' dir='ltr'>etiam</span> <span class='ocrx_word' id='word_1_35' title='bbox 1282 626 1324 666; x_wconf 87' lang='lat' dir='ltr'>in</span> <span class='ocrx_word' id='word_1_36' title='bbox 1371 624 1588 666; x_wconf 84' lang='lat' dir='ltr'>occidente</span> 
     </span>
     <span class='ocr_line' id='line_1_7' title="bbox 81 694 1587 751; baseline -0.006 -11"><span class='ocrx_word' id='word_1_37' title='bbox 81 700 251 740; x_wconf 82' lang='lat' dir='ltr'>auctore</span> <span class='ocrx_word' id='word_1_38' title='bbox 298 698 524 739; x_wconf 78' lang='lat' dir='ltr'>Plutarcho</span> <span class='ocrx_word' id='word_1_39' title='bbox 571 696 774 751; x_wconf 81' lang='lat' dir='ltr'><em>(Marcell.</em></span> <span class='ocrx_word' id='word_1_40' title='bbox 808 701 894 748; x_wconf 57' lang='lat'>20),</span> <span class='ocrx_word' id='word_1_41' title='bbox 942 697 1013 749; x_wconf 85' lang='lat' dir='ltr'>qui</span> <span class='ocrx_word' id='word_1_42' title='bbox 1057 696 1229 737; x_wconf 86' lang='lat' dir='ltr'>formam</span> <span class='ocrx_word' id='word_1_43' title='bbox 1276 694 1491 746; x_wconf 89' lang='lat' dir='ltr'>comparat</span> <span class='ocrx_word' id='word_1_44' title='bbox 1537 703 1587 731; x_wconf 72' lang='lat' dir='ltr'>ex</span> 
     </span>
     <span class='ocr_line' id='line_1_8' title="bbox 84 759 1590 817; baseline -0.007 -9"><span class='ocrx_word' id='word_1_45' title='bbox 84 767 349 809; x_wconf 90' lang='lat' dir='ltr'>monumento</span> <span class='ocrx_word' id='word_1_46' title='bbox 410 765 619 808; x_wconf 81' lang='lat' dir='ltr'>Siciliensi</span> <span class='ocrx_word' id='word_1_47' title='bbox 680 765 852 817; x_wconf 88' lang='lat' dir='ltr'>petitam</span> <span class='ocrx_word' id='word_1_48' title='bbox 909 759 1074 812; x_wconf 66' lang='grc' dir='ltr'>Οὐλίξου</span> <span class='ocrx_word' id='word_1_49' title='bbox 1127 766 1311 804; x_wconf 70' lang='grc' dir='ltr'>τουτέστιν</span> <span class='ocrx_word' id='word_1_50' title='bbox 1359 761 1590 804; x_wconf 68' lang='grc' dir='ltr'>Ὀδυσσέως.</span> 
     </span>
     <span class='ocr_line' id='line_1_9' title="bbox 84 833 1594 888; baseline -0.005 -9"><span class='ocrx_word' id='word_1_51' title='bbox 84 838 311 879; x_wconf 84' lang='lat' dir='ltr'>Praeterea</span> <span class='ocrx_word' id='word_1_52' title='bbox 339 836 405 878; x_wconf 84' lang='lat' dir='ltr'>his</span> <span class='ocrx_word' id='word_1_53' title='bbox 437 849 530 878; x_wconf 91' lang='lat' dir='ltr'>cum</span> <span class='ocrx_word' id='word_1_54' title='bbox 563 836 704 878; x_wconf 86' lang='lat' dir='ltr'>formis</span> <span class='ocrx_word' id='word_1_55' title='bbox 736 837 1042 888; x_wconf 78' lang='lat' dir='ltr'>comparamlae</span> <span class='ocrx_word' id='word_1_56' title='bbox 1073 838 1171 877; x_wconf 89' lang='lat' dir='ltr'>sunt</span> <span class='ocrx_word' id='word_1_57' title='bbox 1203 835 1359 876; x_wconf 86' lang='lat' dir='ltr'>formae</span> <span class='ocrx_word' id='word_1_58' title='bbox 1386 833 1594 874; x_wconf 78' lang='lat' dir='ltr'>Etruscae</span> 
     </span>
     <span class='ocr_line' id='line_1_10' title="bbox 93 902 1595 957; baseline -0.005 -10"><span class='ocrx_word' id='word_1_59' title='bbox 93 905 234 948; x_wconf 72' lang='lat' dir='ltr'>Uliaees</span> <span class='ocrx_word' id='word_1_60' title='bbox 274 904 458 948; x_wconf 68' lang='lat' dir='ltr'>Uluxe2¹</span> <span class='ocrx_word' id='word_1_61' title='bbox 494 905 642 957; x_wconf 41' lang='lat' dir='ltr'>Olym-es</span> <span class='ocrx_word' id='word_1_62' title='bbox 655 906 706 947; x_wconf 75' lang='lat'>22.</span> <span class='ocrx_word' id='word_1_63' title='bbox 770 906 973 946; x_wconf 79' lang='lat' dir='ltr'>Attamen</span> <span class='ocrx_word' id='word_1_64' title='bbox 1007 905 1176 946; x_wconf 86' lang='lat' dir='ltr'>difficile</span> <span class='ocrx_word' id='word_1_65' title='bbox 1209 906 1272 945; x_wconf 82' lang='lat' dir='ltr'>est</span> <span class='ocrx_word' id='word_1_66' title='bbox 1310 903 1425 944; x_wconf 88' lang='lat' dir='ltr'>dictu</span> <span class='ocrx_word' id='word_1_67' title='bbox 1458 902 1595 942; x_wconf 89' lang='lat' dir='ltr'>utrum</span> 
     </span>
     <span class='ocr_line' id='line_1_11' title="bbox 86 968 1594 1029; baseline -0.005 -13"><span class='ocrx_word' id='word_1_68' title='bbox 86 974 242 1017; x_wconf 89' lang='lat' dir='ltr'>formae</span> <span class='ocrx_word' id='word_1_69' title='bbox 280 975 420 1016; x_wconf 88' lang='lat' dir='ltr'>littera</span> <span class='ocrx_word' id='word_1_70' title='bbox 457 975 482 1014; x_wconf 77' lang='grc' dir='ltr'>λ</span> <span class='ocrx_word' id='word_1_71' title='bbox 513 974 558 1029; x_wconf 83' lang='lat' dir='ltr'>(l)</span> <span class='ocrx_word' id='word_1_72' title='bbox 595 975 791 1027; x_wconf 75' lang='lat' dir='ltr'>scriptae,</span> <span class='ocrx_word' id='word_1_73' title='bbox 831 987 937 1027; x_wconf 80' lang='lat' dir='ltr'>quae</span> <span class='ocrx_word' id='word_1_74' title='bbox 970 974 1221 1015; x_wconf 80' lang='lat' dir='ltr'>Homericae</span> <span class='ocrx_word' id='word_1_75' title='bbox 1258 972 1508 1024; x_wconf 72' lang='lat' dir='ltr'>repugnant,</span> <span class='ocrx_word' id='word_1_76' title='bbox 1542 968 1594 1010; x_wconf 87' lang='lat' dir='ltr'>ab</span> 
     </span>
     <span class='ocr_line' id='line_1_12' title="bbox 85 1039 1593 1087; baseline -0.005 -2"><span class='ocrx_word' id='word_1_77' title='bbox 85 1043 302 1085; x_wconf 89' lang='lat' dir='ltr'>occidente</span> <span class='ocrx_word' id='word_1_78' title='bbox 323 1043 365 1085; x_wconf 91' lang='lat' dir='ltr'>in</span> <span class='ocrx_word' id='word_1_79' title='bbox 383 1044 606 1087; x_wconf 81' lang='lat' dir='ltr'>Graeciam</span> <span class='ocrx_word' id='word_1_80' title='bbox 632 1043 784 1084; x_wconf 86' lang='lat' dir='ltr'>allatae</span> <span class='ocrx_word' id='word_1_81' title='bbox 807 1043 890 1083; x_wconf 86' lang='lat' dir='ltr'>sint</span> <span class='ocrx_word' id='word_1_82' title='bbox 912 1055 963 1083; x_wconf 90' lang='lat' dir='ltr'>an</span> <span class='ocrx_word' id='word_1_83' title='bbox 988 1056 1039 1083; x_wconf 83' lang='lat' dir='ltr'>ex</span> <span class='ocrx_word' id='word_1_84' title='bbox 1058 1042 1241 1084; x_wconf 79' lang='lat' dir='ltr'>Graecia</span> <span class='ocrx_word' id='word_1_85' title='bbox 1262 1041 1303 1082; x_wconf 90' lang='lat' dir='ltr'>in</span> <span class='ocrx_word' id='word_1_86' title='bbox 1322 1039 1593 1082; x_wconf 82' lang='lat' dir='ltr'>occidentem.</span> 
     </span>
     <span class='ocr_line' id='line_1_13' title="bbox 87 1108 1594 1163; baseline -0.004 -9"><span class='ocrx_word' id='word_1_87' title='bbox 87 1112 195 1154; x_wconf 86' lang='lat' dir='ltr'>Utut</span> <span class='ocrx_word' id='word_1_88' title='bbox 231 1125 298 1154; x_wconf 89' lang='lat' dir='ltr'>res</span> <span class='ocrx_word' id='word_1_89' title='bbox 334 1125 379 1154; x_wconf 86' lang='lat' dir='ltr'>se</span> <span class='ocrx_word' id='word_1_90' title='bbox 416 1113 555 1163; x_wconf 88' lang='lat' dir='ltr'>habet,</span> <span class='ocrx_word' id='word_1_91' title='bbox 595 1112 734 1153; x_wconf 87' lang='lat' dir='ltr'>littera</span> <span class='ocrx_word' id='word_1_92' title='bbox 772 1112 790 1151; x_wconf 67' lang='grc' dir='ltr'><em>ὃ</em></span> <span class='ocrx_word' id='word_1_93' title='bbox 830 1110 997 1153; x_wconf 82' lang='lat' dir='ltr'>Graeca</span> <span class='ocrx_word' id='word_1_94' title='bbox 1038 1111 1080 1152; x_wconf 90' lang='lat' dir='ltr'>in</span> <span class='ocrx_word' id='word_1_95' title='bbox 1118 1111 1299 1152; x_wconf 87' lang='lat' dir='ltr'>litteram</span> <span class='ocrx_word' id='word_1_96' title='bbox 1347 1109 1359 1149; x_wconf 89' lang='lat' dir='ltr'>l</span> <span class='ocrx_word' id='word_1_97' title='bbox 1398 1108 1594 1150; x_wconf 84' lang='lat' dir='ltr'>Latinam</span> 
     </span>
     <span class='ocr_line' id='line_1_14' title="bbox 89 1178 1594 1237; baseline -0.004 -15"><span class='ocrx_word' id='word_1_98' title='bbox 89 1181 258 1233; x_wconf 87' lang='lat' dir='ltr'>saepius</span> <span class='ocrx_word' id='word_1_99' title='bbox 304 1183 491 1223; x_wconf 90' lang='lat' dir='ltr'>mutatur</span> <span class='ocrx_word' id='word_1_100' title='bbox 535 1180 606 1235; x_wconf 86' lang='lat' dir='ltr'>(cf.</span> <span class='ocrx_word' id='word_1_101' title='bbox 640 1194 673 1222; x_wconf 89' lang='lat' dir='ltr'>e.</span> <span class='ocrx_word' id='word_1_102' title='bbox 707 1194 746 1232; x_wconf 64' lang='lat' dir='ltr'>g.</span> <span class='ocrx_word' id='word_1_103' title='bbox 781 1182 951 1237; x_wconf 67' lang='grc' dir='ltr'>δακρυμα</span> <span class='ocrx_word' id='word_1_104' title='bbox 994 1183 1035 1221; x_wconf 91' lang='lat' dir='ltr'>et</span> <span class='ocrx_word' id='word_1_105' title='bbox 1072 1178 1297 1232; x_wconf 57' lang='lat' dir='ltr'>lacrymal:</span> <span class='ocrx_word' id='word_1_106' title='bbox 1345 1189 1594 1231; x_wconf 86' lang='lat' dir='ltr'>quamquam</span> 
     </span>
     <span class='ocr_line' id='line_1_15' title="bbox 86 1247 1596 1304; baseline -0.003 -12"><span class='ocrx_word' id='word_1_107' title='bbox 86 1264 213 1293; x_wconf 89' lang='lat' dir='ltr'>unum</span> <span class='ocrx_word' id='word_1_108' title='bbox 245 1253 408 1293; x_wconf 83' lang='lat' dir='ltr'>tantum</span> <span class='ocrx_word' id='word_1_109' title='bbox 441 1252 676 1304; x_wconf 78' lang='lat' dir='ltr'>exemplum</span> <span class='ocrx_word' id='word_1_110' title='bbox 711 1251 911 1293; x_wconf 87' lang='lat' dir='ltr'>habemus</span> <span class='ocrx_word' id='word_1_111' title='bbox 943 1251 982 1291; x_wconf 91' lang='lat' dir='ltr'>in</span> <span class='ocrx_word' id='word_1_112' title='bbox 1017 1250 1161 1302; x_wconf 77' lang='lat' dir='ltr'>lingua</span> <span class='ocrx_word' id='word_1_113' title='bbox 1184 1250 1364 1299; x_wconf 78' lang='lat' dir='ltr'>Graeca,</span> <span class='ocrx_word' id='word_1_114' title='bbox 1398 1247 1509 1301; x_wconf 84' lang='lat' dir='ltr'>quod</span> <span class='ocrx_word' id='word_1_115' title='bbox 1532 1249 1596 1288; x_wconf 87' lang='lat' dir='ltr'>est</span> 
     </span>
     <span class='ocr_line' id='line_1_16' title="bbox 86 1316 1596 1376; baseline -0.003 -16"><span class='ocrx_word' id='word_1_116' title='bbox 86 1322 230 1376; x_wconf 73' lang='grc' dir='ltr'>λάφνη,</span> <span class='ocrx_word' id='word_1_117' title='bbox 278 1321 403 1376; x_wconf 67' lang='grc' dir='ltr'>δάφνη</span> <span class='ocrx_word' id='word_1_118' title='bbox 456 1321 567 1373; x_wconf 86' lang='lat' dir='ltr'>apud</span> <span class='ocrx_word' id='word_1_119' title='bbox 616 1320 890 1373; x_wconf 75' lang='lat' dir='ltr'>Hesychium.</span> <span class='ocrx_word' id='word_1_120' title='bbox 967 1319 1213 1361; x_wconf 82' lang='lat' dir='ltr'>Sententiae</span> <span class='ocrx_word' id='word_1_121' title='bbox 1264 1330 1363 1359; x_wconf 73' lang='lat' dir='ltr'>vero</span> <span class='ocrx_word' id='word_1_122' title='bbox 1415 1316 1596 1357; x_wconf 80' lang='lat' dir='ltr'>virorum</span> 
     </span>
     <span class='ocr_line' id='line_1_17' title="bbox 86 1387 1597 1443; baseline -0.005 -10"><span class='ocrx_word' id='word_1_123' title='bbox 86 1391 300 1433; x_wconf 88' lang='lat' dir='ltr'>doctorum</span> <span class='ocrx_word' id='word_1_124' title='bbox 333 1391 384 1432; x_wconf 92' lang='lat' dir='ltr'>de</span> <span class='ocrx_word' id='word_1_125' title='bbox 424 1390 567 1433; x_wconf 70' lang='lat' dir='ltr'>Ulia-es</span> <span class='ocrx_word' id='word_1_126' title='bbox 598 1389 755 1432; x_wconf 91' lang='lat' dir='ltr'>formae</span> <span class='ocrx_word' id='word_1_127' title='bbox 787 1390 925 1443; x_wconf 88' lang='lat' dir='ltr'>patria</span> <span class='ocrx_word' id='word_1_128' title='bbox 956 1390 1065 1431; x_wconf 86' lang='lat' dir='ltr'>inter</span> <span class='ocrx_word' id='word_1_129' title='bbox 1096 1402 1141 1430; x_wconf 87' lang='lat' dir='ltr'>se</span> <span class='ocrx_word' id='word_1_130' title='bbox 1179 1387 1388 1429; x_wconf 84' lang='lat' dir='ltr'>differunt.</span> <span class='ocrx_word' id='word_1_131' title='bbox 1452 1387 1597 1439; x_wconf 80' lang='lat' dir='ltr'>Atque</span> 
     </span>
     <span class='ocr_line' id='line_1_18' title="bbox 88 1455 1596 1513; baseline -0.005 -12"><span class='ocrx_word' id='word_1_132' title='bbox 88 1460 367 1501; x_wconf 87' lang='lat' dir='ltr'>Kretschmer</span> <span class='ocrx_word' id='word_1_133' title='bbox 395 1462 519 1513; x_wconf 85' lang='lat' dir='ltr'>putat</span> <span class='ocrx_word' id='word_1_134' title='bbox 544 1460 758 1504; x_wconf 68' lang='grc' dir='ltr'>’(ὶλυσσεὺς</span> <span class='ocrx_word' id='word_1_135' title='bbox 790 1459 963 1501; x_wconf 85' lang='lat' dir='ltr'>formam</span> <span class='ocrx_word' id='word_1_136' title='bbox 996 1459 1038 1499; x_wconf 91' lang='lat' dir='ltr'>in</span> <span class='ocrx_word' id='word_1_137' title='bbox 1061 1471 1228 1500; x_wconf 90' lang='lat' dir='ltr'>carmen</span> <span class='ocrx_word' id='word_1_138' title='bbox 1251 1457 1414 1509; x_wconf 88' lang='lat' dir='ltr'>epicum</span> <span class='ocrx_word' id='word_1_139' title='bbox 1438 1455 1596 1496; x_wconf 89' lang='lat' dir='ltr'>illatam</span> 
     </span>
     <span class='ocr_line' id='line_1_19' title="bbox 86 1525 1595 1581; baseline -0.004 -11"><span class='ocrx_word' id='word_1_140' title='bbox 86 1528 128 1570; x_wconf 93' lang='lat' dir='ltr'>in</span> <span class='ocrx_word' id='word_1_141' title='bbox 158 1527 363 1573; x_wconf 71' lang='grc' dir='ltr'>Ὀδυσσεύς</span> <span class='ocrx_word' id='word_1_142' title='bbox 386 1531 587 1571; x_wconf 89' lang='lat' dir='ltr'>mutatam</span> <span class='ocrx_word' id='word_1_143' title='bbox 617 1543 721 1581; x_wconf 82' lang='lat' dir='ltr'>esse,</span> <span class='ocrx_word' id='word_1_144' title='bbox 746 1542 838 1571; x_wconf 79' lang='lat' dir='ltr'>cum</span> <span class='ocrx_word' id='word_1_145' title='bbox 862 1528 913 1570; x_wconf 89' lang='lat' dir='ltr'>ab</span> <span class='ocrx_word' id='word_1_146' title='bbox 937 1529 1162 1569; x_wconf 65' lang='grc' dir='ltr'>ὀδύσσεσθαι</span> <span class='ocrx_word' id='word_1_147' title='bbox 1194 1525 1299 1568; x_wconf 87' lang='lat' dir='ltr'>falso</span> <span class='ocrx_word' id='word_1_148' title='bbox 1322 1525 1595 1567; x_wconf 81' lang='lat' dir='ltr'>derivaretur.</span> 
     </span>
     <span class='ocr_line' id='line_1_20' title="bbox 87 1596 1599 1653; baseline -0.004 -12"><span class='ocrx_word' id='word_1_149' title='bbox 87 1597 150 1642; x_wconf 85' lang='lat' dir='ltr'>Cf.</span> <span class='ocrx_word' id='word_1_150' title='bbox 193 1598 268 1642; x_wconf 80' lang='lat' dir='ltr'>Ocl.</span> <span class='ocrx_word' id='word_1_151' title='bbox 307 1614 327 1639; x_wconf 81' lang='grc' dir='ltr'>τ</span> <span class='ocrx_word' id='word_1_152' title='bbox 364 1604 589 1643; x_wconf 72' lang='lat'>407—409</span> <span class='ocrx_word' id='word_1_153' title='bbox 631 1613 759 1652; x_wconf 89' lang='lat' dir='ltr'>supra</span> <span class='ocrx_word' id='word_1_154' title='bbox 800 1600 823 1640; x_wconf 93' lang='lat' dir='ltr'>l.</span> <span class='ocrx_word' id='word_1_155' title='bbox 903 1600 1023 1653; x_wconf 71' lang='lat' dir='ltr'>Quae</span> <span class='ocrx_word' id='word_1_156' title='bbox 1069 1611 1161 1640; x_wconf 88' lang='lat' dir='ltr'>cum</span> <span class='ocrx_word' id='word_1_157' title='bbox 1207 1597 1267 1638; x_wconf 85' lang='lat' dir='ltr'>ita</span> <span class='ocrx_word' id='word_1_158' title='bbox 1313 1596 1413 1647; x_wconf 72' lang='lat' dir='ltr'>sint,</span> <span class='ocrx_word' id='word_1_159' title='bbox 1462 1607 1599 1636; x_wconf 90' lang='lat' dir='ltr'>nonne</span> 
     </span>
     <span class='ocr_line' id='line_1_21' title="bbox 87 1664 1598 1721; baseline -0.004 -11"><span class='ocrx_word' id='word_1_160' title='bbox 87 1669 355 1710; x_wconf 85' lang='lat' dir='ltr'>statuendum</span> <span class='ocrx_word' id='word_1_161' title='bbox 395 1672 460 1710; x_wconf 87' lang='lat' dir='ltr'>est</span> <span class='ocrx_word' id='word_1_162' title='bbox 496 1667 680 1710; x_wconf 88' lang='lat' dir='ltr'>fabulam</span> <span class='ocrx_word' id='word_1_163' title='bbox 713 1668 957 1721; x_wconf 66' lang='lat' dir='ltr'>Cyclopiam</span> <span class='ocrx_word' id='word_1_164' title='bbox 997 1668 1079 1709; x_wconf 88' lang='lat' dir='ltr'>iam</span> <span class='ocrx_word' id='word_1_165' title='bbox 1117 1666 1233 1719; x_wconf 90' lang='lat' dir='ltr'>prius</span> <span class='ocrx_word' id='word_1_166' title='bbox 1266 1665 1377 1718; x_wconf 86' lang='lat' dir='ltr'>apud</span> <span class='ocrx_word' id='word_1_167' title='bbox 1409 1664 1598 1705; x_wconf 79' lang='lat' dir='ltr'>Graecos</span> 
     </span>
     <span class='ocr_line' id='line_1_22' title="bbox 87 1733 1598 1791; baseline -0.004 -12"><span class='ocrx_word' id='word_1_168' title='bbox 87 1739 228 1780; x_wconf 89' lang='lat' dir='ltr'>notam</span> <span class='ocrx_word' id='word_1_169' title='bbox 261 1737 390 1780; x_wconf 85' lang='lat' dir='ltr'>fuisse</span> <span class='ocrx_word' id='word_1_170' title='bbox 423 1751 546 1791; x_wconf 90' lang='lat' dir='ltr'>quam</span> <span class='ocrx_word' id='word_1_171' title='bbox 572 1738 744 1779; x_wconf 85' lang='lat' dir='ltr'>Homeri</span> <span class='ocrx_word' id='word_1_172' title='bbox 766 1736 962 1790; x_wconf 69' lang='lat' dir='ltr'>Odyssea</span> <span class='ocrx_word' id='word_1_173' title='bbox 994 1749 1084 1778; x_wconf 90' lang='lat' dir='ltr'>eam</span> <span class='ocrx_word' id='word_1_174' title='bbox 1117 1733 1415 1789; x_wconf 75' lang='lat' dir='ltr'>pervulgavit‘?</span> <span class='ocrx_word' id='word_1_175' title='bbox 1469 1733 1598 1774; x_wconf 86' lang='lat' dir='ltr'>Porro</span> 
     </span>
     <span class='ocr_line' id='line_1_23' title="bbox 87 1801 1599 1864; baseline -0.003 -17"><span class='ocrx_word' id='word_1_176' title='bbox 87 1806 255 1848; x_wconf 90' lang='lat' dir='ltr'>nomina</span> <span class='ocrx_word' id='word_1_177' title='bbox 287 1807 443 1864; x_wconf 73' lang='grc' dir='ltr'>Κρισεὺς</span> <span class='ocrx_word' id='word_1_178' title='bbox 475 1808 517 1847; x_wconf 88' lang='lat' dir='ltr'>et</span> <span class='ocrx_word' id='word_1_179' title='bbox 549 1806 703 1863; x_wconf 73' lang='grc' dir='ltr'>Κρισηίε,</span> <span class='ocrx_word' id='word_1_180' title='bbox 735 1818 929 1848; x_wconf 85' lang='lat' dir='ltr'>vasorum</span> <span class='ocrx_word' id='word_1_181' title='bbox 953 1805 1208 1855; x_wconf 78' lang='lat' dir='ltr'>Atticorum,</span> <span class='ocrx_word' id='word_1_182' title='bbox 1242 1816 1349 1856; x_wconf 84' lang='lat' dir='ltr'>quae</span> <span class='ocrx_word' id='word_1_183' title='bbox 1381 1805 1529 1855; x_wconf 86' lang='lat' dir='ltr'>postea</span> <span class='ocrx_word' id='word_1_184' title='bbox 1556 1801 1599 1842; x_wconf 91' lang='lat' dir='ltr'>in</span> 
     </span>
     <span class='ocr_line' id='line_1_24' title="bbox 88 1872 1599 1933; baseline -0.003 -16"><span class='ocrx_word' id='word_1_185' title='bbox 88 1876 271 1918; x_wconf 86' lang='lat' dir='ltr'>carmine</span> <span class='ocrx_word' id='word_1_186' title='bbox 308 1877 427 1930; x_wconf 90' lang='lat' dir='ltr'>epico</span> <span class='ocrx_word' id='word_1_187' title='bbox 466 1877 634 1933; x_wconf 70' lang='grc' dir='ltr'>Χρυσεὺς</span> <span class='ocrx_word' id='word_1_188' title='bbox 666 1880 708 1918; x_wconf 90' lang='lat' dir='ltr'>et</span> <span class='ocrx_word' id='word_1_189' title='bbox 742 1877 908 1932; x_wconf 73' lang='grc' dir='ltr'>Χρυσηίς</span> <span class='ocrx_word' id='word_1_190' title='bbox 947 1876 1063 1927; x_wconf 85' lang='lat' dir='ltr'>fiunt,</span> <span class='ocrx_word' id='word_1_191' title='bbox 1102 1875 1201 1916; x_wconf 84' lang='lat' dir='ltr'>item</span> <span class='ocrx_word' id='word_1_192' title='bbox 1240 1872 1376 1915; x_wconf 87' lang='lat' dir='ltr'>fontes</span> <span class='ocrx_word' id='word_1_193' title='bbox 1415 1872 1486 1926; x_wconf 91' lang='lat' dir='ltr'>qui</span> <span class='ocrx_word' id='word_1_194' title='bbox 1518 1884 1599 1913; x_wconf 90' lang='lat' dir='ltr'>non</span> 
     </span>
     <span class='ocr_line' id='line_1_25' title="bbox 89 1943 1601 2000; baseline -0.003 -13"><span class='ocrx_word' id='word_1_195' title='bbox 89 1948 187 1987; x_wconf 89' lang='lat' dir='ltr'>sunt</span> <span class='ocrx_word' id='word_1_196' title='bbox 217 1947 326 2000; x_wconf 88' lang='lat' dir='ltr'>epici</span> <span class='ocrx_word' id='word_1_197' title='bbox 363 1949 595 1989; x_wconf 86' lang='lat' dir='ltr'>monstrare</span> <span class='ocrx_word' id='word_1_198' title='bbox 633 1947 892 1989; x_wconf 77' lang='lat' dir='ltr'>videntu1·2³.</span> <span class='ocrx_word' id='word_1_199' title='bbox 959 1945 1079 1987; x_wconf 87' lang='lat' dir='ltr'>Unde</span> <span class='ocrx_word' id='word_1_200' title='bbox 1117 1945 1252 1985; x_wconf 88' lang='lat' dir='ltr'>denuo</span> <span class='ocrx_word' id='word_1_201' title='bbox 1291 1943 1601 1984; x_wconf 88' lang='lat' dir='ltr'>demonstratur</span> 
     </span>
     <span class='ocr_line' id='line_1_26' title="bbox 88 2010 1602 2069; baseline -0.003 -13"><span class='ocrx_word' id='word_1_202' title='bbox 88 2015 194 2057; x_wconf 88' lang='lat' dir='ltr'>tales</span> <span class='ocrx_word' id='word_1_203' title='bbox 234 2015 398 2058; x_wconf 86' lang='lat' dir='ltr'>fabulas</span> <span class='ocrx_word' id='word_1_204' title='bbox 435 2017 576 2069; x_wconf 89' lang='lat' dir='ltr'>plures</span> <span class='ocrx_word' id='word_1_205' title='bbox 615 2017 751 2069; x_wconf 61' lang='lat' dir='ltr'>(velut</span> <span class='ocrx_word' id='word_1_206' title='bbox 782 2014 982 2068; x_wconf 74' lang='lat' dir='ltr'>Cyclopis</span> <span class='ocrx_word' id='word_1_207' title='bbox 1018 2013 1153 2056; x_wconf 80' lang='lat' dir='ltr'>Ulixis</span> <span class='ocrx_word' id='word_1_208' title='bbox 1186 2011 1365 2065; x_wconf 68' lang='lat' dir='ltr'>Chrysei</span> <span class='ocrx_word' id='word_1_209' title='bbox 1396 2010 1544 2063; x_wconf 83' lang='lat' dir='ltr'>Rhesi)</span> <span class='ocrx_word' id='word_1_210' title='bbox 1577 2023 1602 2051; x_wconf 89' lang='lat' dir='ltr'>a</span> 
     </span>
     <span class='ocr_line' id='line_1_27' title="bbox 88 2079 1601 2132; baseline -0.003 -7"><span class='ocrx_word' id='word_1_211' title='bbox 88 2083 328 2126; x_wconf 87' lang='lat' dir='ltr'>continente</span> <span class='ocrx_word' id='word_1_212' title='bbox 363 2085 406 2126; x_wconf 90' lang='lat' dir='ltr'>in</span> <span class='ocrx_word' id='word_1_213' title='bbox 443 2085 604 2127; x_wconf 88' lang='lat' dir='ltr'>Ioniam</span> <span class='ocrx_word' id='word_1_214' title='bbox 643 2085 805 2126; x_wconf 83' lang='lat' dir='ltr'>delatas</span> <span class='ocrx_word' id='word_1_215' title='bbox 853 2086 894 2124; x_wconf 87' lang='lat' dir='ltr'>et</span> <span class='ocrx_word' id='word_1_216' title='bbox 932 2083 1017 2124; x_wconf 88' lang='lat' dir='ltr'>illic</span> <span class='ocrx_word' id='word_1_217' title='bbox 1054 2095 1147 2124; x_wconf 89' lang='lat' dir='ltr'>cum</span> <span class='ocrx_word' id='word_1_218' title='bbox 1186 2079 1452 2131; x_wconf 85' lang='lat' dir='ltr'>carminibus,</span> <span class='ocrx_word' id='word_1_219' title='bbox 1493 2092 1601 2132; x_wconf 88' lang='lat' dir='ltr'>quae</span> 
     </span>
     <span class='ocr_line' id='line_1_28' title="bbox 89 2150 1601 2205; baseline -0.003 -11"><span class='ocrx_word' id='word_1_220' title='bbox 89 2155 187 2194; x_wconf 89' lang='lat' dir='ltr'>sunt</span> <span class='ocrx_word' id='word_1_221' title='bbox 225 2153 277 2194; x_wconf 89' lang='lat' dir='ltr'>de</span> <span class='ocrx_word' id='word_1_222' title='bbox 313 2152 422 2196; x_wconf 90' lang='lat' dir='ltr'>bello</span> <span class='ocrx_word' id='word_1_223' title='bbox 460 2153 654 2205; x_wconf 84' lang='lat' dir='ltr'>Troiano,</span> <span class='ocrx_word' id='word_1_224' title='bbox 694 2153 940 2195; x_wconf 87' lang='lat' dir='ltr'>coniunctas</span> <span class='ocrx_word' id='word_1_225' title='bbox 977 2152 1020 2192; x_wconf 90' lang='lat' dir='ltr'>in</span> <span class='ocrx_word' id='word_1_226' title='bbox 1059 2150 1284 2192; x_wconf 79' lang='lat' dir='ltr'>Graeciam</span> <span class='ocrx_word' id='word_1_227' title='bbox 1326 2161 1470 2191; x_wconf 88' lang='lat' dir='ltr'>rursus</span> <span class='ocrx_word' id='word_1_228' title='bbox 1508 2161 1601 2190; x_wconf 85' lang='lat' dir='ltr'>esse</span> 
     </span>
     <span class='ocr_line' id='line_1_29' title="bbox 89 2219 1358 2276; baseline -0.002 -14"><span class='ocrx_word' id='word_1_229' title='bbox 89 2221 299 2274; x_wconf 88' lang='lat' dir='ltr'>reductas,</span> <span class='ocrx_word' id='word_1_230' title='bbox 332 2223 478 2276; x_wconf 86' lang='lat' dir='ltr'>quales</span> <span class='ocrx_word' id='word_1_231' title='bbox 509 2234 621 2264; x_wconf 90' lang='lat' dir='ltr'>nunc</span> <span class='ocrx_word' id='word_1_232' title='bbox 652 2221 764 2274; x_wconf 87' lang='lat' dir='ltr'>apud</span> <span class='ocrx_word' id='word_1_233' title='bbox 796 2221 1025 2262; x_wconf 88' lang='lat' dir='ltr'>Homerum</span> <span class='ocrx_word' id='word_1_234' title='bbox 1057 2219 1293 2261; x_wconf 78' lang='lat' dir='ltr'>invenimus</span> <span class='ocrx_word' id='word_1_235' title='bbox 1307 2219 1358 2260; x_wconf 74' lang='lat'>²4.</span> 
     </span>
    </p>
   </div>
   <div class='ocr_carea' id='block_1_3' title="bbox 92 2356 1601 2857">
    <p class='ocr_par' dir='ltr' id='par_1_5' title="bbox 209 2356 1204 2399">
     <span class='ocr_line' id='line_1_30' title="bbox 209 2356 1204 2399; baseline -0.003 -7"><span class='ocrx_word' id='word_1_236' title='bbox 209 2357 235 2381; x_wconf 82' lang='lat'>¹⁹</span> <span class='ocrx_word' id='word_1_237' title='bbox 259 2358 313 2392; x_wconf 77' lang='lat' dir='ltr'>Cf.</span> <span class='ocrx_word' id='word_1_238' title='bbox 340 2358 715 2392; x_wconf 75' lang='lat' dir='ltr'>WILAMOWITZ.</span> <span class='ocrx_word' id='word_1_239' title='bbox 742 2357 887 2391; x_wconf 84' lang='lat' dir='ltr'>Homer.</span> <span class='ocrx_word' id='word_1_240' title='bbox 911 2356 1061 2391; x_wconf 73' lang='lat' dir='ltr'>Unters..</span> <span class='ocrx_word' id='word_1_241' title='bbox 1088 2367 1123 2399; x_wconf 87' lang='lat' dir='ltr'>p.</span> <span class='ocrx_word' id='word_1_242' title='bbox 1152 2357 1204 2389; x_wconf 56' lang='lat'>19.</span> 
     </span>
    </p>

    <p class='ocr_par' dir='ltr' id='par_1_6' title="bbox 94 2410 1601 2516">
     <span class='ocr_line' id='line_1_31' title="bbox 204 2410 1601 2457; baseline -0.004 -8"><span class='ocrx_word' id='word_1_243' title='bbox 204 2414 234 2438; x_wconf 59' lang='grc' dir='ltr'><em>Ὦ</em></span> <span class='ocrx_word' id='word_1_244' title='bbox 259 2416 313 2449; x_wconf 87' lang='lat' dir='ltr'>Cf.</span> <span class='ocrx_word' id='word_1_245' title='bbox 338 2415 700 2448; x_wconf 73' lang='lat' dir='ltr'>KRETSCHMER.</span> <span class='ocrx_word' id='word_1_246' title='bbox 735 2413 947 2457; x_wconf 63' lang='lat' dir='ltr'>Einleittmy]</span> <span class='ocrx_word' id='word_1_247' title='bbox 979 2413 1012 2447; x_wconf 74' lang='lat' dir='ltr'>in</span> <span class='ocrx_word' id='word_1_248' title='bbox 1053 2412 1108 2447; x_wconf 74' lang='lat' dir='ltr'>(lie</span> <span class='ocrx_word' id='word_1_249' title='bbox 1140 2411 1346 2446; x_wconf 75' lang='lat' dir='ltr'>Geschichte</span> <span class='ocrx_word' id='word_1_250' title='bbox 1383 2412 1444 2445; x_wconf 80' lang='lat' dir='ltr'>cler</span> <span class='ocrx_word' id='word_1_251' title='bbox 1475 2410 1601 2456; x_wconf 70' lang='lat' dir='ltr'>yriech.</span> 
     </span>
     <span class='ocr_line' id='line_1_32' title="bbox 94 2471 524 2516; baseline -0.002 -10"><span class='ocrx_word' id='word_1_252' title='bbox 94 2471 263 2516; x_wconf 78' lang='lat' dir='ltr'>Sprache,</span> <span class='ocrx_word' id='word_1_253' title='bbox 289 2483 325 2515; x_wconf 88' lang='lat' dir='ltr'>p.</span> <span class='ocrx_word' id='word_1_254' title='bbox 351 2472 419 2505; x_wconf 71' lang='lat'>‘280</span> <span class='ocrx_word' id='word_1_255' title='bbox 444 2482 524 2514; x_wconf 81' lang='lat' dir='ltr'>seq.</span> 
     </span>
    </p>

    <p class='ocr_par' dir='ltr' id='par_1_7' title="bbox 209 2526 1509 2569">
     <span class='ocr_line' id='line_1_33' title="bbox 209 2526 1509 2569; baseline -0.003 -6"><span class='ocrx_word' id='word_1_256' title='bbox 209 2528 239 2552; x_wconf 75' lang='lat'>2¹</span> <span class='ocrx_word' id='word_1_257' title='bbox 265 2529 320 2563; x_wconf 83' lang='lat' dir='ltr'>Cf.</span> <span class='ocrx_word' id='word_1_258' title='bbox 345 2528 710 2562; x_wconf 71' lang='lat' dir='ltr'><strong>KRETSCHMER.</strong></span> <span class='ocrx_word' id='word_1_259' title='bbox 744 2526 1089 2569; x_wconf 61' lang='lat' dir='ltr'>Vasenbaschi-istem,</span> <span class='ocrx_word' id='word_1_260' title='bbox 1116 2538 1152 2569; x_wconf 85' lang='lat' dir='ltr'>p.</span> <span class='ocrx_word' id='word_1_261' title='bbox 1182 2527 1256 2567; x_wconf 71' lang='lat'>147,</span> <span class='ocrx_word' id='word_1_262' title='bbox 1283 2526 1451 2559; x_wconf 76' lang='lat' dir='ltr'>adnotat.</span> <span class='ocrx_word' id='word_1_263' title='bbox 1478 2526 1509 2559; x_wconf 75' lang='lat'>2.</span> 
     </span>
    </p>

    <p class='ocr_par' dir='ltr' id='par_1_8' title="bbox 205 2584 913 2628">
     <span class='ocr_line' id='line_1_34' title="bbox 205 2584 913 2628; baseline -0.004 -8"><span class='ocrx_word' id='word_1_264' title='bbox 205 2585 234 2608; x_wconf 60' lang='grc' dir='ltr'><strong><em>Ἠ</em></strong></span> <span class='ocrx_word' id='word_1_265' title='bbox 260 2585 315 2620; x_wconf 83' lang='lat' dir='ltr'>Of.</span> <span class='ocrx_word' id='word_1_266' title='bbox 343 2595 487 2628; x_wconf 83' lang='lat' dir='ltr'>corpus</span> <span class='ocrx_word' id='word_1_267' title='bbox 513 2585 628 2627; x_wconf 71' lang='lat' dir='ltr'>gloss.</span> <span class='ocrx_word' id='word_1_268' title='bbox 656 2585 711 2618; x_wconf 75' lang='lat' dir='ltr'>IV</span> <span class='ocrx_word' id='word_1_269' title='bbox 737 2595 773 2627; x_wconf 88' lang='lat' dir='ltr'>p.</span> <span class='ocrx_word' id='word_1_270' title='bbox 801 2585 832 2625; x_wconf 65' lang='lat'>4,</span> <span class='ocrx_word' id='word_1_271' title='bbox 860 2584 913 2618; x_wconf 74' lang='lat'>24.</span> 
     </span>
    </p>

    <p class='ocr_par' dir='ltr' id='par_1_9' title="bbox 92 2639 1597 2741">
     <span class='ocr_line' id='line_1_35' title="bbox 205 2639 1597 2684; baseline -0.003 -7"><span class='ocrx_word' id='word_1_272' title='bbox 205 2643 234 2667; x_wconf 81' lang='lat'>23</span> <span class='ocrx_word' id='word_1_273' title='bbox 260 2643 315 2678; x_wconf 81' lang='lat' dir='ltr'>Of.</span> <span class='ocrx_word' id='word_1_274' title='bbox 342 2641 705 2682; x_wconf 64' lang='lat' dir='ltr'>KRETSCHMER,</span> <span class='ocrx_word' id='word_1_275' title='bbox 739 2641 1085 2684; x_wconf 67' lang='lat' dir='ltr'>Vaseninsclcriften,</span> <span class='ocrx_word' id='word_1_276' title='bbox 1119 2652 1154 2683; x_wconf 84' lang='lat' dir='ltr'>p.</span> <span class='ocrx_word' id='word_1_277' title='bbox 1181 2641 1249 2674; x_wconf 63' lang='lat'>‘206</span> <span class='ocrx_word' id='word_1_278' title='bbox 1275 2650 1354 2683; x_wconf 67' lang='lat' dir='ltr'>seq.</span> <span class='ocrx_word' id='word_1_279' title='bbox 1381 2643 1415 2673; x_wconf 75' lang='lat' dir='ltr'>et</span> <span class='ocrx_word' id='word_1_280' title='bbox 1444 2639 1597 2673; x_wconf 81' lang='lat' dir='ltr'>WILA-</span> 
     </span>
     <span class='ocr_line' id='line_1_36' title="bbox 92 2698 981 2741; baseline -0.002 -7"><span class='ocrx_word' id='word_1_281' title='bbox 92 2700 314 2741; x_wconf 83' lang='lat' dir='ltr'>MOWITZ,</span> <span class='ocrx_word' id='word_1_282' title='bbox 339 2699 459 2734; x_wconf 77' lang='lat' dir='ltr'>Aisch.</span> <span class='ocrx_word' id='word_1_283' title='bbox 487 2698 599 2733; x_wconf 78' lang='lat' dir='ltr'>orest.</span> <span class='ocrx_word' id='word_1_284' title='bbox 628 2710 662 2741; x_wconf 85' lang='lat' dir='ltr'>p.</span> <span class='ocrx_word' id='word_1_285' title='bbox 689 2700 766 2739; x_wconf 66' lang='lat'>251,</span> <span class='ocrx_word' id='word_1_286' title='bbox 794 2700 923 2732; x_wconf 77' lang='lat' dir='ltr'>adnot.</span> <span class='ocrx_word' id='word_1_287' title='bbox 950 2700 981 2732; x_wconf 76' lang='lat'>2.</span> 
     </span>
    </p>

    <p class='ocr_par' dir='ltr' id='par_1_10' title="bbox 93 2754 1599 2857">
     <span class='ocr_line' id='line_1_37' title="bbox 205 2754 1599 2799; baseline -0.001 -8"><span class='ocrx_word' id='word_1_288' title='bbox 205 2757 235 2780; x_wconf 84' lang='lat'>24</span> <span class='ocrx_word' id='word_1_289' title='bbox 260 2757 314 2791; x_wconf 87' lang='lat' dir='ltr'>Cf.</span> <span class='ocrx_word' id='word_1_290' title='bbox 340 2756 659 2797; x_wconf 73' lang='lat' dir='ltr'>KIRCHHOFF,</span> <span class='ocrx_word' id='word_1_291' title='bbox 697 2755 770 2789; x_wconf 75' lang='lat' dir='ltr'>Dz&#39;e</span> <span class='ocrx_word' id='word_1_292' title='bbox 804 2755 1035 2789; x_wconf 71' lang='lat' dir='ltr'>Homerisclec</span> <span class='ocrx_word' id='word_1_293' title='bbox 1073 2754 1246 2799; x_wconf 68' lang='lat' dir='ltr'>Odgsssee;</span> <span class='ocrx_word' id='word_1_294' title='bbox 1285 2758 1320 2788; x_wconf 78' lang='lat' dir='ltr'>el</span> <span class='ocrx_word' id='word_1_295' title='bbox 1360 2755 1599 2789; x_wconf 61' lang='lat' dir='ltr'>WihAMO·</span> 
     </span>
     <span class='ocr_line' id='line_1_38' title="bbox 93 2811 1450 2857; baseline -0.001 -9"><span class='ocrx_word' id='word_1_296' title='bbox 93 2815 238 2855; x_wconf 78' lang='lat' dir='ltr'>WITZ,</span> <span class='ocrx_word' id='word_1_297' title='bbox 265 2812 494 2848; x_wconf 75' lang='lat' dir='ltr'>Homerische</span> <span class='ocrx_word' id='word_1_298' title='bbox 515 2811 838 2857; x_wconf 70' lang='lat' dir='ltr'>Untersuchzmqen,</span> <span class='ocrx_word' id='word_1_299' title='bbox 864 2823 901 2855; x_wconf 90' lang='lat' dir='ltr'>p.</span> <span class='ocrx_word' id='word_1_300' title='bbox 930 2812 1005 2852; x_wconf 83' lang='grc'><strong>113,</strong></span> <span class='ocrx_word' id='word_1_301' title='bbox 1034 2812 1097 2846; x_wconf 78' lang='grc'>163</span> <span class='ocrx_word' id='word_1_302' title='bbox 1123 2822 1203 2854; x_wconf 81' lang='lat' dir='ltr'>seq.</span> <span class='ocrx_word' id='word_1_303' title='bbox 1231 2815 1267 2845; x_wconf 84' lang='lat' dir='ltr'>et</span> <span class='ocrx_word' id='word_1_304' title='bbox 1292 2811 1450 2854; x_wconf 76' lang='lat' dir='ltr'>passim.</span> 
     </span>
    </p>
   </div>
  </div>
 </body>
</html>
