1825 3202
681 488 1036 550 VITA.

222 675 398 720 Carolus
443 677 579 729 Berry
624 674 975 718 NEWOOMER
1021 677 1125 719 civis
1162 678 1442 719 Americanus
1488 679 1611 719 natus

107 758 198 788 sum
227 746 311 790 XV
344 745 444 788 Kal,
478 745 581 786 Dec.
616 744 713 786 anni
759 744 881 786 huius
918 746 1074 786 saeculi
1112 746 1241 788 LXII
1287 758 1417 798 prope
1455 745 1609 786 Toulon

107 813 246 856 vicum
276 814 337 856 rei
363 813 558 867 publicae
579 813 856 855 lllinoisensis
877 813 929 855 U.
955 812 996 855 S.
1022 815 1092 864 A„
1116 816 1235 866 patre
1255 814 1457 866 Josepho,
1491 825 1610 866 quem

108 882 293 925 violenta
325 884 456 924 morte
494 881 595 923 mihi
632 894 766 934 nuper
796 880 1015 934 abreptum
1062 882 1261 933 pervalde
1303 882 1434 933 doleo,
1483 883 1613 922 matre

108 950 327 993 Elisabeth
361 964 382 992 e
413 953 539 1004 gente
571 949 733 992 Stoner.
796 950 942 991 Fidem
974 950 1170 1002 profiteor
1201 950 1501 1002 evangelicam.

222 1020 403 1062 Peracta
432 1019 475 1061 111
507 1019 664 1061 arando
694 1018 877 1072 pueritia
908 1031 957 1060 ac
989 1018 1085 1059 ludo
1117 1018 1284 1071 publico
1307 1018 1391 1059 ruri
1419 1017 1614 1070 tempori-

110 1087 188 1130 bus
219 1090 382 1130 tantum
414 1087 599 1130 hibernis
631 1087 910 1141 frequentato,
944 1099 1053 1128 anno
1084 1087 1263 1129 LXXX
1295 1099 1378 1128 una
1410 1099 1501 1128 cum
1542 1098 1613 1139 pa-

110 1156 300 1199 rentibus
331 1156 510 1210 migravi
554 1156 594 1198 in
644 1155 914 1208 municipium
963 1155 1022 1196 rei
1067 1155 1261 1208 publicae
1293 1154 1614 1205 Nebraskensis,

109 1226 218 1279 quod
252 1228 428 1268 vocatur
459 1225 717 1276 Falls-Cz·ty,·
763 1224 833 1266 ubi
875 1226 971 1277 post
1016 1224 1237 1277 quinquies
1284 1236 1406 1265 senos
1452 1236 1615 1264 menses

108 1295 278 1336 scholae
309 1294 572 1348 disciplinam
605 1293 776 1347 perfeci.
837 1293 920 1334 Per
953 1292 1161 1334 biennium
1195 1292 1236 1333 in
1268 1292 1413 1334 schola
1448 1291 1617 1344 publica

110 1375 204 1405 cum
235 1363 468 1406 docuissem
502 1376 567 1405 me
599 1363 756 1405 contuli
788 1363 840 1404 ad
874 1362 1191 1403 universitatem
1214 1361 1551 1403 Nebraskensem
1574 1360 1615 1400 in

108 1431 210 1474 urbe
242 1432 434 1485 Liozcoln,
466 1431 534 1474 ubi
569 1444 667 1474 vere
699 1431 797 1474 anni
828 1432 867 1473 11.
892 1443 923 1473 s.
949 1430 1195 1473 LXXXIX
1233 1430 1353 1471 titulo
1400 1429 1617 1482 graduque

54 1514 57 1520 ¹
108 1500 376 1545 baccalaurei
420 1500 462 1543 in
509 1500 684 1553 artibus,
732 1512 840 1542 anno
886 1500 1079 1553 sequenti
1125 1498 1316 1551 magistri
1368 1498 1409 1539 in
1458 1497 1617 1539 artibus

109 1571 282 1612 ornatus
313 1582 416 1613 sum.
478 1570 635 1612 Postea
666 1569 853 1612 Berolini
883 1582 958 1622 per
990 1568 1070 1610 duo
1103 1567 1321 1609 semestria
1343 1568 1539 1617 moratus,
1573 1567 1620 1606 ut

109 1638 153 1681 in
183 1638 368 1681 studium
398 1638 653 1692 philologiae
683 1637 978 1689 incumberem,
1012 1636 1161 1679 deinde
1183 1636 1361 1678 Nanceii
1392 1635 1433 1676 in
1466 1634 1618 1687 oppido

109 1707 172 1750 rei
202 1706 397 1760 publicae
419 1706 798 1750 Franco-Gallicae
820 1707 1005 1759 linguam
1029 1705 1236 1747 Gallicam
1259 1717 1334 1757 per
1360 1716 1435 1745 sex
1457 1715 1620 1744 menses

114 1775 339 1819 discebam.
390 1777 611 1818 Autumno
633 1776 731 1818 anni
753 1774 859 1817 XCI
883 1774 1020 1817 factus
1043 1787 1132 1816 sum
1155 1773 1366 1827 professor
1385 1773 1620 1825 linguarum

115 1844 309 1888 Graecae
341 1847 383 1887 et
413 1845 594 1887 Latinae
625 1845 667 1886 in
699 1844 976 1887 universitate
1008 1842 1286 1894 Cotneriensi,
1318 1842 1427 1883 unde
1460 1840 1621 1883 duobus

115 1915 212 1967 post
244 1913 364 1956 annis
394 1926 460 1955 me
492 1913 650 1956 contuli
681 1913 734 1955 ad
766 1912 1029 1966 gymnasium
1063 1911 1104 1953 in
1136 1924 1180 1952 re
1211 1910 1380 1964 publica
1402 1908 1620 1952 Californi-

114 1982 216 2035 ensi,
249 1982 360 2036 quod
392 1983 583 2025 Belmont
616 1981 763 2024 School
794 1983 982 2033 vocatur,
1016 1993 1097 2034 quo
1128 1980 1219 2022 loco
1251 1980 1354 2021 duos
1384 1991 1460 2031 per
1490 1990 1620 2020 annos

112 2051 279 2104 linguas
310 2052 502 2093 recentes
534 2050 669 2093 docui.
732 2050 914 2092 Aestate
946 2049 1043 2091 anni
1074 2046 1197 2091 XCV
1230 2047 1469 2089 Berolinum
1502 2047 1618 2098 redii,

114 2119 186 2162 ubi
217 2120 355 2162 adhuc
386 2119 538 2161 studiis
568 2118 834 2173 philologieis
866 2131 1033 2171 operam
1067 2117 1132 2158 do.

227 2188 447 2241 Magistris
479 2200 580 2230 usus
626 2200 717 2230 sum
763 2186 1056 2229 illustrissimis
1095 2185 1178 2227 his:
1227 2183 1397 2226 Curtius
1428 2182 1473 2239 †,
1522 2183 1620 2225 Del-

114 2256 286 2310 brueck,
318 2257 452 2309 Diels,
485 2256 776 2310 Ebbinghaus‚
800 2256 924 2309 Frey,
948 2255 1118 2307 Geiger,
1142 2267 1180 2295 v.
1200 2252 1384 2306 Gizycki
1400 2251 1445 2308 †,
1474 2251 1619 2304 Graes,

114 2325 332 2378 Huebner,
354 2326 526 2369 Kekule
547 2339 587 2369 v.
607 2325 861 2377 Stradonitz,
880 2323 1116 2376 Kirchhoff,
1135 2323 1400 2375 Klemperer,
1418 2321 1619 2373 Koehler,

114 2395 276 2448 Meyer,
298 2394 497 2447 PauIsen,
520 2394 744 2447 Roediger,
767 2394 839 2436 Er.
859 2392 1062 2444 Schmidt,
1084 2392 1183 2433 3011.
1203 2390 1405 2442 Schmidt,
1424 2390 1618 2441 Thomas,

116 2464 296 2516 Vahlen,
328 2476 367 2506 v.
385 2461 995 2506 Wilamowitz-Moellendorff.

230 2532 304 2574 Ad
322 2531 644 2574 exercitationes
660 2531 936 2585 philologicas
951 2529 1164 2581 Huebner,
1182 2527 1404 2570 historicas
1419 2527 1618 2578 Koehler,

117 2600 414 2654 epigraphicas
446 2600 683 2653 Kirchhoff,
730 2599 1070 2651 archaeologicas
1101 2597 1273 2638 Kekule
1303 2608 1343 2638 v.
1381 2594 1620 2637 Stradonitz

117 2669 298 2722 benigne
319 2681 386 2711 me
408 2669 678 2711 admiserunt.
727 2669 843 2723 Quos
865 2679 1006 2710 omnes
1029 2666 1139 2708 viros
1162 2664 1436 2715 doctissimos,
1466 2664 1620 2716 optime

118 2738 170 2780 de
202 2751 268 2779 me
298 2737 483 2789 meritos,
516 2737 654 2780 animo
684 2737 753 2790 pio
785 2748 949 2788 semper
980 2735 1110 2777 colam
1145 2746 1194 2775 ac
1224 2735 1356 2787 grato.

732 2847 990 2858 <<<<<<<<<<<<<<<<
