1825 3202
720 198 965 234 -7-

87 319 130 361 in
168 319 282 362 vasis
320 319 372 360 de
411 318 562 373 quibus
599 319 780 361 diximus
818 332 983 372 semper
1015 318 1198 373 Cyclops
1236 333 1261 362 a
1290 322 1422 363 latere
1453 322 1596 374 depin-

88 391 269 442 geretur,
288 401 466 442 quonam
490 389 610 430 modo
629 388 716 430 fieri
734 389 871 441 potuit
888 390 934 429 ut
950 390 1125 442 uterque
1143 390 1287 431 oculus
1304 389 1596 442 spectaretur?

91 457 272 500 Accedit
292 458 403 512 quod
425 457 577 500 artifex
600 458 635 499 si
658 459 960 511 Polyphemum
984 460 1183 512 tanquam
1207 460 1427 501 unoculum
1459 462 1596 501 mente

88 526 362 579 concepisset,
416 527 580 569 oculum
632 527 769 568 media
819 527 860 568 in
914 526 1049 569 fronte
1098 527 1321 580 posuisset.
1399 529 1598 582 Sequitur

87 595 339 637 necessitate
370 595 550 649 quadam
582 597 628 636 ut
659 595 840 637 artifices
872 608 953 637 non
988 596 1217 637 Hesiodum
1249 600 1491 650 sequantur,
1525 598 1596 651 qui

86 663 245 717 primus
262 662 470 717 Cyclopes
488 665 687 717 tanquam
706 664 900 716 gigantes
918 665 1218 720 μονοφθάλμους
1234 664 1304 719 (cf.
1330 665 1478 719 Theos).
1500 666 1596 719 139)

87 733 189 775 dicit
205 732 323 776 Caeli
344 735 386 775 et
403 734 558 775 Terrae
579 733 698 784 filios,
722 734 795 775 sed
817 733 958 786 potius
982 735 1222 786 Homerum,
1247 734 1365 776 cuius
1388 733 1596 788 Cyclopes

87 802 274 844 homines
306 801 486 853 fuerunt,
519 815 601 843 non
634 801 841 854 gigantes.
908 803 942 843 A
981 802 1131 855 quibus
1169 803 1278 856 quod
1312 803 1596 856 Polyphemus

86 870 194 912 filius
243 871 472 913 vocabatur
508 870 708 923 Neptuni,
757 883 837 912 non
884 871 944 912 ita
989 871 1136 912 mirum
1177 874 1252 923 est,
1292 884 1383 913 cum
1432 874 1596 914 veteres

85 939 299 993 proniores
332 939 486 981 suerint
517 940 570 981 ad
601 939 803 991 originem
835 940 1019 981 divinam
1048 940 1311 982 tribuendam
1336 941 1435 982 viris
1458 943 1593 984 claris

86 1008 216 1050 Porro
247 1008 288 1050 in
321 1009 492 1050 vasculo
525 1021 653 1061 supra
683 1024 702 1062 γ
735 1009 957 1061 designato
983 1012 1161 1061 apparet
1183 1010 1347 1051 oculum
1381 1010 1595 1052 sinistrum

86 1077 335 1130 Polyphemi
366 1076 502 1129 effodi,
536 1077 576 1118 id
610 1079 721 1131 quod
752 1078 864 1119 haud
897 1077 983 1119 scio
1015 1091 1067 1119 an
1100 1078 1225 1119 etiam
1257 1078 1297 1119 in
1332 1095 1355 1118 α
1387 1082 1429 1120 et
1460 1079 1480 1133 β
1514 1081 1595 1122 eto

85 1145 168 1188 fiat.
218 1146 280 1187 At
300 1146 505 1187 Homerus
528 1159 663 1188 nonne
684 1147 775 1199 ipse
797 1159 962 1199 quoque
983 1147 1285 1200 Polyphemum
1310 1162 1391 1191 uno
1413 1152 1595 1191 tantum-
1630 1145 1633 1148 ἢ

86 1215 206 1256 modo
238 1215 357 1256 oculo
386 1215 622 1267 praeditum
655 1215 890 1267 descripsit,
925 1227 1017 1257 cum
1050 1215 1218 1257 Ulixem
1253 1216 1425 1270 eiusque
1458 1219 1593 1261 socios

85 1284 212 1325 semel
244 1296 467 1336 aggressos
499 1284 639 1325 statim
663 1297 755 1325 eum
779 1296 1031 1325 excaecasse
1052 1283 1092 1324 in
1116 1282 1312 1337 Odyssea
1333 1285 1595 1329 inveniamus

85 1351 316 1405 scriptum?
377 1351 461 1394 Sed
507 1352 698 1406 equidem
744 1355 846 1406 puto
895 1353 1121 1394 Homerum
1170 1353 1340 1395 licentia
1386 1368 1493 1408 quae
1531 1360 1594 1398 est

85 1423 300 1474 poetarum
348 1434 468 1463 usum
514 1421 752 1474 neglexisse
798 1434 883 1462 rem
921 1421 1055 1473 ipsam
1094 1422 1333 1463 accuratius
1372 1436 1594 1476 exponere,

85 1491 184 1545 quia
214 1503 306 1532 cum
339 1491 653 1533 accuratissime
675 1489 902 1544 Cyclopem
936 1490 1109 1544 eiusque
1131 1503 1265 1532 mores
1288 1491 1594 1545 descripsisset,

85 1560 136 1601 de
169 1572 250 1602 uno
288 1560 375 1602 solo
414 1560 532 1601 oculo
566 1560 814 1613 Polyphemi
851 1559 1078 1612 quidquam
1118 1560 1256 1601 dicere
1294 1560 1481 1612 profecto
1514 1575 1595 1603 non

86 1628 312 1677 omisisset3
345 1641 398 1670 ex
429 1641 510 1671 uno
534 1631 672 1670 autem
694 1629 785 1671 loco
808 1627 905 1684 (Od.
929 1644 937 1667 ι
960 1628 1060 1683 389)
1084 1628 1265 1670 dilucide
1287 1630 1407 1682 sequi
1429 1630 1597 1672 videtur

85 1700 132 1739 ut
176 1699 302 1750 poeta
347 1697 594 1739 veterrimus
640 1698 691 1739 de
730 1697 891 1739 duobus
928 1697 1122 1739 humanis
1160 1697 1291 1753 oculis
1330 1699 1594 1751 cogitaverit,

85 1766 196 1820 quod
241 1779 293 1808 ne
343 1765 610 1808 scholiastam
659 1765 1024 1820 (AristarchumP)
1072 1766 1237 1819 quidem
1291 1767 1449 1819 effugit,
1502 1780 1594 1810 cum

85 1834 305 1877 scriberet:
354 1837 371 1876 ὁ
420 1835 590 1891 Κύκλωψ
639 1838 736 1876 κατὰ
783 1837 845 1876 τὸν
884 1835 1061 1892 ἺΟμῃρον
1110 1835 1176 1875 οὐκ
1223 1836 1269 1889 ἦν
1318 1838 1596 1893 μονόφθαλμος

86 1907 193 1962 φύσει
196 1937 559 1953 .........
595 1907 658 1946 δύο
691 1907 760 1963 γάρ
794 1907 937 1962 ὀφρύας
969 1907 1059 1961 εἶχε·
1096 1905 1189 1961 φησὶ
1220 1906 1289 1962 γάρ

249 1980 369 2016 πάντα
400 1977 440 2016 δέ
473 1977 505 2016 οἱ
537 1976 693 2033 βλέφαρ’
731 1977 828 2033 ἀμφὶ
860 1977 921 2016 καὶ
953 1977 1096 2033 ὀφρύας
1128 1977 1234 2016 εὗσεν
1268 1979 1404 2031 ἀυτμή.

85 2045 170 2088 Sed
206 2046 316 2100 quod
353 2046 460 2088 idem
500 2047 728 2088 scholiasta
764 2049 806 2088 et
843 2047 1070 2099 scriptores
1108 2048 1272 2088 veteres
1305 2046 1375 2088 alii
1406 2047 1595 2089 indicant

84 2115 387 2168 Polyphemum
420 2116 540 2158 oculo
572 2116 703 2157 altero
725 2115 906 2170 (scilicet
927 2116 1121 2168 dextero)
1144 2115 1226 2157 iam
1253 2115 1439 2157 caruisse
1461 2116 1595 2168 prius-

85 2196 208 2237 quam
254 2184 403 2226 Ulixes
449 2197 542 2226 eum
589 2184 843 2237 conveniret,
890 2184 932 2226 id
978 2186 1042 2226 est
1088 2184 1218 2226 altero
1259 2185 1378 2226 oculo
1425 2187 1594 2238 captum

87 2252 411 2310 (ἑτερόφθαλμον)
450 2252 592 2306 fuisse,
631 2266 714 2296 non
750 2254 974 2296 unoculum
1021 2252 1331 2309 (μονόφθαλμον)
1378 2255 1595 2307 natur-aff,

207 2357 233 2380 ¹5
258 2358 311 2391 Cf.
338 2358 534 2391 scholium
565 2358 614 2391 ad
646 2356 711 2391 Ocl.
744 2369 754 2389 ι
779 2358 856 2392 383,
895 2357 912 2389 ὃ
946 2357 1098 2399 Κύκλωψ
1129 2357 1217 2390 κατά
1251 2357 1311 2390 τόν
1338 2355 1498 2401 Ὅμηρον
1533 2354 1595 2390 miz

85 2409 127 2454 ἧν
143 2414 405 2458 μονόφθαλμος
422 2414 539 2458 φύσει,
561 2411 648 2447 &mci
667 2414 753 2446 κατά
774 2427 849 2446 Τίνα
866 2414 1062 2458 συντυχίαν
1082 2414 1137 2447 τὸν
1155 2413 1275 2458 ἕτερον
1295 2415 1362 2446 τῶν
1388 2413 1435 2458 oq
1444 2415 1596 2458 θαλμών

87 2468 324 2516 ἀπεβεβλήκει.
352 2471 414 2504 δύο
439 2471 510 2515 γάρ
536 2470 676 2515 ὀφρύας
700 2467 789 2516 εἶχε·
816 2470 904 2515 (frmi
930 2471 1001 2516 γάρ

294 2529 409 2561 πάντα
435 2526 474 2561 (Ῡὲ
500 2528 533 2560 οἱ
556 2526 708 2572 βλέφαρ’
736 2527 833 2572 ἀμφὶ
859 2527 918 2561 καὶ
945 2525 1086 2573 ὀφρύας
1111 2523 1214 2561 εὗσεν
1241 2527 1365 2572 ἀυτμή.

202 2587 257 2620 Cf.
284 2586 404 2620 schol.
432 2586 481 2619 ad
501 2584 567 2619 Od.
593 2598 603 2617 ι
630 2586 696 2619 106
715 2588 753 2619 et
769 2586 1051 2620 EUSTATHH
1071 2596 1205 2628 comm„
1226 2586 1324 2620 1534.
1339 2586 1399 2620 42:
1430 2587 1526 2627 1622,
1540 2588 1594 2621 45.

201 2644 257 2678 Cf.
284 2642 631 2684 PHRYNICHUS,
651 2642 773 2683 CXII,
798 2642 1073 2687 Μονόφθαλμον
1099 2639 1139 2676 οὗ
1164 2640 1296 2686 ῥητέον,
1322 2641 1596 2688 ἑτερόφθαλμον

89 2697 140 2734 δέ.
189 2704 355 2744 Κρατῖνος
380 2698 420 2734 δὲ
443 2700 710 2745 μονόφθαλμον
734 2696 811 2733 εἷπε
836 2699 895 2733 τὸν
922 2699 1108 2733 Κύκλωπα.

203 2757 258 2792 Cf.
294 2756 588 2799 AMMONIUS,
623 2755 918 2802 Ἕτερόφθαλμος
961 2754 1031 2801 μὲν
1077 2755 1149 2801 γὰρ
1192 2755 1209 2789 ὁ
1250 2755 1338 2790 καττέ
1380 2757 1596 2802 περίπτωσιν

88 2812 270 2858 πηρωθεὶς
293 2813 354 2847 τόν
376 2811 496 2858 ἕτερον
520 2815 591 2846 τῶν
616 2812 835 2858 ὀφθαλμῶν.
