1958 3314
714 269 970 306 -3-

91 391 236 434 tudine
267 391 452 445 corporis
483 403 693 445 superare.
747 390 1147 445 Quomodocumque
1178 402 1244 432 res
1275 402 1320 431 se
1350 388 1489 440 habet,
1513 389 1593 430 hoc

92 473 218 503 unum
263 460 544 513 intellegimus
589 460 796 513 picturam
842 459 1004 502 vasculi
1041 459 1092 500 de
1129 470 1210 512 quo
1248 458 1410 510 agimus
1447 460 1594 511 typum

92 530 215 581 longe
260 528 595 582 antiquissimum
643 528 822 581 omnium
862 540 1003 570 earum
1042 526 1192 580 quibus
1230 526 1480 579 Polyphemi
1526 539 1596 567 ex-

93 597 280 639 caecatio
310 597 482 650 fingitur
512 596 726 650 praebere,
760 598 805 638 ut
826 596 905 638 viri
927 595 1052 648 docti,
1075 596 1191 637 velut
1211 595 1336 637 Bolte
1356 595 1382 635 1.
1407 607 1534 647 supra
1554 595 1595 646 l.,

92 666 315 708 videantur
352 665 581 708 coniecisse
617 678 692 708 suo
729 665 818 707 iure
855 665 898 706 id
935 677 1027 707 esse
1063 664 1221 707 saeculi
1258 676 1294 706 a.
1328 662 1404 706 Ch.
1438 676 1477 705 n.
1511 662 1598 704 fere

95 734 274 789 septimi.

555 848 594 903 βε
638 848 787 903 Cylix
818 847 1140 903 Cyrenaica-⁵.

211 928 336 983 Cylix
352 927 599 983 Cyrenaica,
622 930 756 973 Nolae
777 932 945 983 reperta
965 942 1077 972 nunc
1097 929 1139 971 in
1161 929 1415 971 bibliotheca
1435 927 1604 981 publica

96 998 290 1041 Parisina
335 1003 539 1052 servatur,
588 1012 712 1054 quam
760 999 890 1041 edidit
936 998 1140 1042 Albertus
1192 999 1277 1040 dux
1328 999 1379 1040 de
1430 998 1604 1051 Luynes

99 1068 282 1109 Alonum.
315 1065 413 1111 dell’
443 1068 546 1110 Inst.
580 1069 602 1110 I
635 1073 736 1121 7,1;
772 1069 885 1111 Ann.
921 1072 1042 1120 1829,
1075 1081 1115 1121 p.
1149 1072 1242 1110 278.
1306 1066 1435 1110 Cuius
1458 1066 1604 1120 cylicis

98 1135 270 1178 interior
307 1149 405 1189 pars
444 1137 589 1190 figuris
627 1137 759 1191 nigris
797 1139 944 1180 ornata
975 1140 1050 1189 est,
1084 1150 1192 1190 quae
1223 1136 1323 1190 quin
1356 1137 1531 1178 eundem
1564 1135 1606 1176 in

99 1204 404 1257 Polyphemum
441 1205 641 1259 impetum
682 1206 910 1248 exhibeant
941 1205 1124 1248 dubitari
1154 1218 1237 1248 non
1267 1207 1419 1258 potest.
1482 1204 1605 1257 Poly-

99 1274 275 1326 phemus
297 1273 405 1315 enim
426 1274 524 1316 vino
541 1287 768 1329 somnoque
790 1275 932 1328 gravis
953 1274 996 1316 in
1018 1287 1121 1316 saxo
1139 1275 1270 1326 sedet,
1290 1274 1387 1315 dum
1409 1273 1607 1327 reliquias

101 1354 319 1395 corporum
364 1343 639 1385 humanorum
685 1356 869 1386 semesas
914 1343 1105 1386 manibus
1156 1345 1284 1395 tenet,
1331 1356 1379 1385 eo
1430 1342 1608 1385 fortasse

101 1410 273 1453 consilio
319 1410 379 1453 ita
424 1411 629 1465 depictus,
683 1425 764 1466 quo
818 1412 1081 1455 manifestius
1127 1413 1323 1464 eluceret,
1367 1412 1478 1465 quod
1523 1413 1607 1453 tam

101 1479 271 1533 impium
305 1481 347 1521 et
377 1482 557 1522 taetrum
589 1483 726 1523 scelus
759 1481 1047 1524 commisisset.
1110 1481 1204 1523 Viri
1240 1483 1380 1523 autem
1413 1483 1611 1534 quattuor

101 1549 202 1591 nudi
234 1548 497 1591 dextrorsum
528 1550 846 1603 progredientes
879 1551 1044 1593 oculum
1077 1548 1276 1603 Cyclopis
1312 1550 1407 1603 palo
1445 1552 1608 1602 petunt.

103 1630 275 1672 quorum
308 1618 466 1671 primus
497 1618 644 1661 mirum
681 1619 723 1661 in
762 1620 927 1662 modum
966 1619 1088 1661 simul
1124 1620 1320 1672 poculum
1352 1619 1611 1672 Polyphemo

105 1686 236 1739 offert,
275 1687 335 1728 ita
371 1689 418 1729 ut
457 1687 564 1730 duae
601 1701 680 1741 res,
721 1701 895 1742 quarum
935 1689 1067 1731 altera
1104 1689 1278 1731 alteram
1316 1688 1434 1742 sequi
1475 1687 1611 1739 debet,

105 1755 157 1797 ab
179 1755 338 1798 artifice
359 1768 442 1798 una
465 1756 757 1800 describantur
778 1760 990 1811 tamquam
1014 1758 1049 1800 si
1070 1771 1152 1800 uno
1175 1758 1404 1811 eodemque
1427 1759 1613 1810 tempore

106 1823 244 1866 factae
273 1826 426 1868 essent.
474 1825 623 1880 Neque
654 1838 753 1868 vero
784 1829 924 1869 tamen
946 1827 1251 1880 Polyphemum
1279 1828 1472 1879 tangunt,
1496 1826 1614 1868 cuius

107 1893 251 1935 oculus
288 1893 457 1936 sinister
493 1894 565 1948 qui
602 1895 715 1937 solus
753 1895 927 1948 agnosci
963 1897 1105 1949 potest
1141 1908 1285 1938 somno
1323 1897 1388 1937 est
1433 1895 1614 1937 clausus.

106 1961 287 2004 Videtur
317 1963 457 2004 autem
487 1974 564 2005 vas
594 1963 753 2006 saeculi
783 1963 893 2006 sexti
924 1976 1016 2006 esse
1047 1964 1242 2007 ineuntis.

507 2114 546 2155 γε
589 2101 847 2155 Amphora
878 2100 1214 2146 Chalcidicass.

224 2180 510 2225 Chalcidicam
542 2183 589 2224 ut
609 2182 776 2224 videtur
799 2183 1041 2235 amphoram
1062 2183 1196 2225 musei
1217 2183 1453 2225 Britannici
1473 2183 1618 2236 figuris

109 2250 242 2303 nigris
273 2253 462 2294 ornatam
495 2251 626 2294 edidit
648 2251 929 2305 Heydemann
959 2253 1145 2294 Monum.
1170 2249 1266 2294 dell’
1289 2252 1393 2293 lust.
1417 2252 1464 2293 X
1488 2257 1553 2304 52,
1573 2258 1617 2301 ‘23

113 2322 228 2360 Anu.
265 2323 387 2372 1878,
418 2333 459 2373 p.
493 2325 588 2362 227.
655 2319 736 2362 Ubi
767 2320 957 2362 videmus
989 2318 1217 2374 Cyclopem
1254 2319 1416 2373 ingenti
1448 2334 1620 2374 corpore

110 2388 153 2430 in
185 2390 304 2430 antro
335 2388 548 2430 sedentem
581 2390 622 2430 et
654 2389 799 2431 contra
829 2390 915 2430 tres
946 2388 1058 2431 viros
1083 2388 1271 2431 Graecos
1302 2389 1516 2442 nitentem,
1550 2390 1621 2444 qui

116 2457 378 2499 dextrorsum
409 2457 726 2511 progredientes
758 2456 1023 2500 arbusculam
1055 2457 1094 2500 ei
1123 2458 1167 2500 in
1192 2458 1357 2500 oculum
1379 2458 1623 2500 sinistrum⁷

231 2595 246 2617 5
270 2594 324 2628 Cf.
351 2594 533 2636 BOLTE,
559 2604 619 2637 op.
645 2594 669 2628 l.
695 2605 731 2637 p.
758 2594 857 2627 5—7.

230 2650 246 2674 ⁶
271 2651 326 2685 Cf.
352 2651 534 2692 BOLTE,
561 2662 620 2694 op.
645 2651 669 2685 1.
695 2662 732 2694 p.
759 2652 790 2684 8.

232 2707 246 2732 7
270 2709 386 2742 Nullo
406 2708 522 2742 modo
544 2708 745 2742 consentio
761 2718 852 2741 cum
865 2708 1041 2741 Arthuro
1058 2708 1289 2749 Schneider,
1307 2710 1375 2752 qui
1390 2710 1625 2744 sententiani

119 2766 283 2809 protulit
307 2766 414 2799 hunc
440 2766 730 2809 Polyphemum
755 2776 881 2798 unum
907 2765 1053 2799 habere
1080 2766 1239 2799 oculum
1269 2767 1400 2800 media
1431 2768 1472 2800 in
1498 2769 1625 2802 fronte

121 2823 251 2857 situm.
300 2822 355 2857 Of.
387 2824 433 2857 A.
461 2822 767 2865 SOHNEIDER,
805 2822 885 2857 Der
915 2822 1064 2857 troische
1089 2822 1299 2868 Sayenkreis
1329 2823 1369 2858 in
1404 2824 1466 2858 cler
1491 2825 1627 2860 dlteren

120 2879 357 2926 griechischen
380 2879 514 2924 Kunst,
539 2880 672 2924 Leipz.
700 2880 799 2922 1886,
824 2891 861 2924 p.
887 2880 1033 2915 53—57.

1453 2938 1490 2973 1*
